3194 5030
795 354 834 416 14

269 536 347 613 erat,
380 535 481 618 ipsum
505 535 652 601 Senecam
673 537 715 614 Il,
740 538 759 600 3
788 538 999 620 quaestionem
1029 538 1067 603 de
1096 539 1248 604 terrarum
1281 541 1368 604 motu

271 635 309 700 ad
335 635 480 700 sublimia
502 636 623 701 referre.
664 637 746 702 Mira
769 638 899 720 denique
912 657 948 703 ea
971 639 1052 716 srrnt,
1076 639 1186 721 quibus
1199 640 1278 704 hanc
1299 639 1369 704 linit

265 735 529 818 disquisitionem:
549 734 691 802 ‘Utinam
704 738 797 802 codex
808 738 977 820 aliquando
993 739 1193 820 protrahatur
1214 741 1246 803 in
1257 739 1366 817 lucam,

267 835 320 917 qui
342 835 390 899 his
412 835 536 900 fidem
564 836 678 911 faciat;
701 839 807 902 certa
828 838 909 902 onim
931 839 1081 921 firmaque
1102 857 1166 903 esse
1188 842 1368 920 nequeunt

268 953 321 1016 por
342 954 387 1013 ea,
411 954 490 1018 quae
511 936 549 1000 de
578 936 705 1001 oonsilio
734 937 869 1002 auctoris
891 938 922 1000 in
953 938 1113 1002 scribendo
1135 939 1273 1020 superius
1293 939 1370 1002 scri-

269 1035 334 1116 psi’.
379 1034 479 1100 Codex
502 1055 574 1101 sane
596 1056 694 1101 novus
721 1037 752 1100 in
774 1037 875 1102 lucem
905 1037 1006 1102 editus
1029 1039 1083 1116 est,
1117 1039 1170 1103 sed
1192 1039 1245 1122 qui
1274 1038 1369 1104 otiam

267 1136 379 1220 magis,
415 1156 510 1218 quam
538 1137 591 1201 ille
614 1138 736 1216 fecerat,
773 1139 853 1203 hano
874 1140 1015 1203 turbaret
1047 1140 1266 1222 quaestionem.
1310 1139 1369 1204 Sed

266 1237 390 1301 iamed
422 1238 528 1302 nostra
559 1240 672 1303 reverti
703 1239 791 1303 nobis
812 1239 915 1317 liccat,
936 1239 1082 1321 pollicitis
1111 1241 1225 1318 tamen,
1259 1240 1368 1322 siqua

268 1337 391 1402 Kocleri
424 1339 579 1404 sententia
612 1339 722 1404 dehinc
758 1340 957 1405 memoranda
979 1341 1029 1418 sit,
1062 1359 1152 1405 suum
1185 1341 1233 1404 ius
1259 1340 1288 1405 ei
1307 1359 1368 1405 non

267 1439 455 1522 abrogatum
480 1440 528 1504 iri.

365 1541 538 1622 Postquam
568 1543 824 1624 argumentorum
854 1542 1036 1607 necessitato
1066 1543 1166 1608 coacti
1187 1561 1303 1620 sumus,
1333 1542 1369 1605 ut

267 1640 347 1706 libro
370 1641 501 1705 seeundo
529 1642 662 1724 primam
684 1642 786 1706 sedem
819 1642 1036 1708 vindicandam
1071 1663 1135 1708 esse
1154 1644 1368 1721 statueremus,

267 1745 329 1809 iam
351 1743 453 1824 placet
484 1743 532 1807 illi
553 1744 633 1808 hanc
656 1743 849 1808 commodare
881 1743 982 1807 sedern
1015 1746 1045 1807 et
1067 1744 1224 1826 adaptare.
1267 1745 1367 1825 Quam

267 1843 496 1907 meminerimus
518 1843 638 1924 oportet
655 1843 756 1908 adhuc
777 1843 929 1925 occupari.
964 1844 1022 1908 Sed
1045 1844 1098 1926 qui
1126 1863 1207 1908 nuno
1228 1845 1368 1924 occupat,

267 1942 350 2006 haud
373 1942 489 2006 invitus
512 1941 607 2007 cedet.
652 1942 774 2005 Etenim
797 1943 880 2024 ipsos
902 1943 1020 2006 codices
1035 1943 1097 2007 iarn
1120 1962 1212 2024 snpra
1234 1941 1369 2007 vidimus

268 2043 293 2120 l,
318 2043 356 2105 15
390 2041 525 2125 prodere,
563 2042 642 2106 libro
665 2043 712 2106 illi
736 2043 789 2123 (l.)
811 2043 897 2124 post
929 2043 1152 2124 septimum,
1188 2042 1242 2123 qui
1264 2041 1310 2105 est
1332 2041 1369 2104 de

269 2144 406 2221 cometis,
430 2163 518 2208 arram
542 2162 605 2207 osso
626 2143 737 2207 sedem.
782 2142 841 2206 Sed
869 2143 998 2224 nequis
1022 2144 1132 2208 statim
1153 2162 1202 2206 mc
1224 2141 1369 2223 interpel-

270 2244 322 2321 lat,
346 2245 418 2307 sunt
440 2263 523 2321 sane,
557 2263 636 2326 quae
658 2243 738 2308 inter
770 2244 884 2307 librum
907 2244 1000 2306 istum
1024 2244 1055 2307 ct
1077 2244 1239 2326 prologum
1272 2242 1369 2306 totius

270 2343 370 2426 operis
392 2344 555 2408 verborum
569 2344 721 2425 quendam
745 2362 890 2408 conexum
905 2343 1025 2407 efficere
1047 2343 1219 2408 videantur.
1250 2343 1310 2407 Sed
1332 2343 1371 2405 li·

268 2445 320 2509 bet
341 2463 376 2508 ea
399 2444 576 2508 accuratius
597 2444 720 2508 intueri.

368 2544 492 2628 Magnis
515 2545 545 2608 et
566 2544 656 2609 elatis
678 2545 779 2609 verbis
812 2545 957 2627 prologus
981 2544 1163 2619 defluxerat;
1196 2544 1277 2608 idem
1299 2561 1370 2624 pro-

268 2645 363 2710 fundo
382 2663 433 2710 ore
455 2644 530 2709 exit:
551 2643 643 2724 ‘Quid
663 2644 732 2720 tibi,
764 2645 878 2726 inquis,
909 2645 972 2709 ista
1001 2645 1191 2726 proderunt?
1235 2645 1268 2709 Si
1291 2643 1369 2708 nihil

267 2746 363 2824 aliud,
395 2745 453 2808 hoc
475 2745 557 2809 certe
577 2744 683 2822 sciam,
717 2745 819 2809 omnia
852 2746 986 2828 augusta
1009 2764 1081 2822 esse,
1115 2764 1238 2809 mansus
1258 2742 1368 2808 deum.²

268 2846 449 2928 Sequuntur
469 2846 502 2909 in
522 2844 610 2909 libris
633 2845 775 2909 omnibus
798 2845 907 2910 hacco:
933 2844 998 2910 ‘sed
1018 2845 1091 2910 loco
1113 2846 1240 2932 deinde,
1276 2843 1371 2908 Nunc

267 2947 312 3012 od
326 2947 527 3028 propositam
548 2947 671 3010 aeciam
691 2946 785 3026 opas?
831 2947 875 3010 At
896 2947 959 3011 tria
979 2946 1040 3012 ista
1064 2948 1180 3030 primus
1197 2945 1370 3011 Gronovius

268 3047 348 3112 vidit
368 3048 399 3112 et
423 3047 503 3112 falsa
517 3066 581 3112 esse
603 3047 634 3112 at
650 3046 817 3112 admodum
840 3048 961 3128 inapta;
982 3048 1184 3130 quippequae
1205 3046 1368 3128 legantem,

267 3147 394 3230 prologo
416 3147 506 3212 illum
528 3147 653 3229 quidem
677 3146 717 3212 ad
740 3148 859 3212 caelum
883 3147 1046 3226 elevatum,
1073 3148 1176 3212 subito
1199 3165 1215 3210 e
1236 3145 1370 3210 nubibus

267 3248 468 3331 praecipitem
488 3248 645 3314 deiiciant.
689 3247 787 3312 Nobis
809 3267 880 3312 vero
902 3247 1025 3331 longius
1038 3247 1245 3330 progressuris
1265 3245 1371 3310 licebit

267 3350 417 3414 statuere:
439 3368 509 3413 eum
531 3349 586 3431 qui
605 3349 660 3413 illa
681 3347 745 3413 ‘sod
765 3348 967 3412 lraecdeinde'
995 3349 1140 3413 adiecerit
1152 3348 1227 3411 haec
1249 3364 1370 3429 quoquo

264 3447 358 3513 ‘nnnc
383 3448 422 3514 ad
443 3449 635 3530 propositum
657 3449 778 3514 veniam
789 3449 872 3530 opus'
895 3448 1059 3525 addidisse,
1084 3466 1144 3529 quo
1165 3447 1246 3510 inter
1267 3446 1370 3527 prolo-

267 3569 344 3634 gum
366 3552 397 3614 et
411 3550 526 3614 librum
549 3549 585 3615 de
608 3550 732 3633 ignibus
745 3550 899 3628 aetheriis,
923 3550 1001 3614 falso
1024 3550 1105 3613 istuc
1124 3548 1273 3625 delatum,
1298 3567 1371 3612 con-

267 3650 459 3715 iunctionem
482 3650 638 3732 quandam
661 3651 692 3714 et
711 3650 881 3715 transitum
903 3649 1045 3714 officeret.
1091 3647 1148 3713 (lui
1174 3667 1229 3712 nos
1252 3647 1371 3730 gratias

270 3749 402 3832 agimus,
426 3749 508 3831 quod
529 3751 596 3814 tam
618 3749 725 3813 rudem
748 3751 788 3827 et,
822 3769 851 3813 u.
874 3749 895 3812 i.
919 3749 958 3826 d„
981 3749 1118 3831 ligneum
1141 3748 1266 3830 pontem
1287 3750 1371 3812 stru·

268 3849 333 3912 nit:
357 3867 465 3930 nempe
487 3867 521 3913 eo
544 3849 666 3913 facilius
689 3867 744 3913 nos
765 3849 820 3914 illo
843 3848 960 3914 deiecto
992 3848 1084 3929 ponte
1106 3847 1187 3911 inter
1208 3847 1371 3929 prologum

268 3951 393 4026 etcum,
416 3948 454 4012 de
476 3967 536 4030 quo
552 3950 720 4031 quaeritur,
743 3949 859 4014 librum
882 3947 924 4032 (l)
939 3949 1041 4013 latum
1062 3948 1176 4012 flumen
1199 3948 1371 4012 ceterorum

268 4051 418 4117 librorum
451 4053 589 4117 omnium
623 4071 783 4134 possumus
805 4051 1022 4116 intermittere.
1067 4051 1206 4130 Utraque
1231 4047 1286 4112 illa
1308 4047 1372 4112 elo-

268 4152 352 4217 cutio
375 4152 573 4217 ooniunctiva
595 4153 669 4218 ficta
692 4153 738 4217 est
760 4153 791 4216 et
812 4151 926 4233 spuria.
970 4151 1060 4215 Liber
1081 4149 1198 4231 primus
1213 4149 1283 4230 post
1303 4167 1372 4229 sep-

268 4252 382 4318 timum
404 4253 601 4318 collocandus
624 4254 683 4317 est:
707 4272 767 4334 quo
783 4253 850 4316 loco
873 4253 938 4316 sino
961 4249 1237 4333 ullopraeiationis
1259 4251 1371 4316 ornatu
