3194 5030
790 361 830 423 26

364 842 410 906 lle
423 843 637 924 Epistularum
659 844 823 909 moralium
847 845 981 925 tempore
1004 844 1120 924 prinms
1143 841 1278 907 bromton·
1301 841 1364 906 dis-

265 944 361 1006 seruit
373 943 398 1006 1.
410 944 540 1025 Lipsius,
560 948 627 1008 tum
649 946 767 1009 duobus
790 945 923 1026 emplius
938 943 1068 1008 saeculis
1092 943 1263 1007 interiectis
1285 962 1364 1007 auno

267 1047 347 1108 1853
370 1045 564 1110 Lehmannns
587 1046 787 1132 iuPhilologi
811 1046 871 1109 vol.
888 1045 973 1122 VIII,
997 1045 1079 1110 idem
1101 1047 1133 1109 in
1148 1064 1191 1121 eo,
1215 1043 1365 1125 quamde

267 1144 395 1210 Claudio
411 1147 442 1210 et
465 1147 585 1212 Nerone
599 1147 731 1229 scripsit,
751 1145 829 1212 libro
847 1147 965 1228 (1858).
1009 1146 1150 1227 Denique
1171 1146 1219 1208 his
1246 1144 1365 1208 duobus

267 1247 355 1310 antris
387 1248 508 1328 praeter
531 1267 574 1326 66,
610 1267 688 1330 quae
711 1246 895 1329 liudolphus
918 1247 1026 1328 Peiper
1060 1248 1090 1309 in
1114 1246 1209 1328 praef.
1233 1244 1273 1310 ad
1295 1245 1364 1309 Seu.

265 1348 345 1428 trag.
369 1349 579 1429 supplemento
613 1348 722 1431 (1870)
758 1367 846 1412 novo·
861 1347 983 1424 adiecit,
1022 1347 1142 1412 discedi
1175 1346 1313 1410 Martem
1335 1347 1366 1409 et

266 1447 415 1512 Frideriei
437 1450 530 1513 Ionas
552 1449 783 1513 dissertationes
806 1448 882 1512 mihi
897 1450 1105 1525 occurrerunt,
1129 1465 1260 1530 quorum
1282 1447 1366 1511 uter-

266 1567 333 1630 que,
358 1549 437 1614 alter
459 1550 564 1614 tamen
586 1550 684 1614 altero
706 1549 836 1627 felicius,
860 1568 981 1614 omnem
1005 1568 1130 1630 operum
1145 1547 1276 1613 Senecae
1297 1547 1366 1629 phi-

265 1650 491 1733 losophicorum
514 1651 669 1716 ambitum
692 1669 870 1732 percurrens
886 1669 955 1715 suos
977 1651 1087 1733 cuique
1110 1667 1205 1716 amics
1228 1648 1364 1712 tribuere

266 1751 414 1816 instituit.

367 1851 433 1933 Ego
457 1851 538 1934 quod
567 1853 635 1934 post
657 1852 767 1916 horum
801 1851 940 1916 virorum
964 1850 1075 1916 merito
1101 1849 1139 1914 ds
1161 1849 1365 1933 epistularum

267 1956 404 2033 tempore
441 1953 580 2016 dicturus
613 1971 693 2028 surm
728 1971 786 2016 uon
821 1951 853 2014 id
882 1950 1008 2033 quidem
1029 1950 1097 2014 ideo
1120 1949 1165 2024 lit,
1188 1951 1224 2012 ut
1246 1967 1366 2013 omnem

268 2071 360 2134 quom
382 2052 430 2115 illi
453 2053 622 2117 araverunt
644 2071 755 2134 agrum
778 2071 937 2124 renovenm
959 2049 1010 2116 sed
1035 2071 1104 2116 enm
1128 2053 1159 2116 et
1180 2052 1262 2114 inter
1283 2068 1315 2113 se
1337 2052 1367 2112 et

268 2173 286 2216 6
308 2153 486 2216 Lehmanno
515 2152 688 2233 discrepare
711 2171 761 2216 eos
783 2152 926 2228 viderem,
960 2153 1028 2217 tom
1052 2152 1133 2234 quod
1157 2151 1220 2234 ipse
1241 2169 1290 2215 me
1312 2150 1368 2214 lra-

268 2253 338 2316 bcre
364 2252 549 2328 arbitrabar,
588 2271 666 2334 quae
688 2252 781 2316 etiam
804 2245 920 2317 lona'sii
953 2252 1220 2335 disquisitionibus
1243 2250 1292 2316 vel
1313 2249 1369 2315 66-

268 2352 391 2418 iicerem
415 2353 463 2417 vel
486 2353 685 2428 detraherem,
720 2353 802 2416 haud
826 2354 941 2418 frustra
964 2355 1039 2419 haec
1061 2354 1224 2434 tamquam
1245 2349 1369 2415 addita-

269 2455 374 2518 menta
396 2453 504 2535 putavi
532 2453 657 2516 illorum
691 2454 921 2518 eomnreutariis
952 2453 1070 2518 subiici.
1124 2451 1231 2516 Placet
1253 2451 1366 2528 erstem,

269 2573 330 2637 quo
352 2554 474 2619 facilior
504 2554 546 2618 eis
579 2554 632 2636 qui
654 2555 712 2618 hac
739 2556 772 2618 iu
794 2575 825 2619 re
861 2555 997 2618 nondum
1020 2555 1136 2619 versati
1158 2554 1240 2630 sunt,
1264 2552 1368 2616 aditus

269 2656 334 2733 liat,
367 2654 399 2719 in
429 2657 593 2736 conspectu
620 2673 731 2736 ponere
767 2675 802 2720 ea
825 2674 903 2736 quae
924 2655 972 2718 illi
994 2655 1031 2718 de
1053 2654 1267 2736 Epistularum
1289 2653 1368 2715 tem-

270 2774 341 2836 pore
362 2755 588 2819 iudicaverunt.
631 2755 752 2836 Lipsius
775 2755 906 2836 scriptas
933 2755 1025 2835 putat
1047 2773 1151 2818 omnes
1175 2753 1265 2817 annis
1288 2771 1316 2833 p.
1334 2751 1367 2816 0.

270 2858 310 2920 63
332 2857 363 2920 et
385 2857 435 2919 64.
461 2892 498 2900 -
532 2856 727 2921 Lehmannus
749 2856 831 2922 inter
852 2855 1031 2930 trienninm,
1055 2855 1100 2918 ita
1122 2853 1256 2936 quidem,
1280 2853 1315 2916 ut
1337 2853 1369 2916 in

269 2956 350 3020 hunc
363 2957 489 3022 modum
509 2958 648 3040 singulas
664 2958 868 3039 disposuerit:
892 2978 956 3040 epp.
974 2959 1073 3020 l-l8
1094 2958 1166 3021 ante
1180 2955 1369 3020 decembrem

270 3059 418 3132 aruni623
451 3078 518 3140 opp.
533 3061 655 3124 19-23
687 3060 769 3123 inter
791 3059 854 3124 666.
878 3061 958 3125 aba
981 3061 1011 3123 et
1034 3078 1086 3123 ver
1114 3078 1141 3122 6.
1157 3059 1213 3132 63;
1248 3057 1370 3139 epp.24

272 3161 352 3224 -67
383 3161 464 3226 inter·
486 3181 539 3225 ver·
575 3181 602 3226 a.
620 3163 660 3225 63
687 3163 718 3225 et
739 3180 793 3225 ver
825 3183 853 3226 a.
869 3163 927 3235 643
955 3179 1021 3244 epp.
1038 3159 1162 3224 68-86
1197 3176 1308 3222 avere
1330 3157 1371 3220 64

271 3280 366 3343 usque
389 3260 428 3324 ad
449 3262 532 3324 Iunii
555 3262 774 3326 nummati
797 3261 917 3344 partem
939 3262 1079 3326 alteram.
1103 3279 1169 3341 epp.
1184 3259 1328 3322 87-122
1352 3278 1370 3320 a

270 3363 330 3427 line
353 3363 434 3426 lunii
457 3381 553 3443 usque
587 3362 628 3428 ed
651 3362 813 3428 Octobrem
847 3363 1003 3427 ineuntem
1027 3382 1054 3426 a.
1074 3363 1124 3425 64.
1148 3360 1199 3440 (ci.
1223 3359 1260 3424 de
1278 3357 1371 3423 6166-

270 3470 321 3534 dio
343 3472 401 3535 eet.
425 3490 475 3553 pg.
494 3471 532 3533 16
554 3471 585 3534 et
608 3470 670 3548 17.)
706 3506 746 3516 --
768 3470 913 3552 Peiperus
942 3473 1007 3553 (pg.
1030 3469 1082 3542 161
1114 3469 1197 3532 iutra
1235 3466 1370 3549 spatium

272 3570 353 3652 quod
376 3572 422 3634 est
445 3573 483 3635 ab
506 3570 656 3635 aurtnmno
685 3591 713 3635 6.
730 3572 770 3635 57
791 3591 888 3652 usque
916 3571 955 3635 ad
979 3569 1163 3634 crescentem
1185 3569 1370 3632 autumnum

272 3671 362 3736 658.
400 3707 433 3715 -
459 3670 646 3735 Martensius
678 3670 741 3753 (pg.
754 3671 807 3753 61)
838 3691 883 3753 ep.
905 3673 945 3735 50
980 3688 1060 3734 annio
1083 3670 1141 3741 49;
1179 3687 1244 3750 epp.
1270 3668 1371 3730 1-69

274 3771 347 3850 (exc.
365 3772 418 3852 50)
451 3772 490 3835 ab
512 3789 592 3834 anno
615 3771 677 3834 iero
706 3773 746 3835 60
768 3789 865 3854 usque
892 3771 931 3836 ad
954 3771 1047 3834 linem
1070 3772 1120 3846 62,
1144 3788 1209 3851 epp.
1226 3767 1370 3832 70-124

273 3889 368 3952 usque
390 3872 430 3935 66
452 3892 479 3935 6.
493 3872 542 3934 65.
568 3907 607 3916 -
630 3872 770 3936 Iouasins
792 3872 929 3954 lipsium
953 3871 1101 3952 sequitur.

371 3970 517 4052 Peiporus
550 3971 778 4053 areliquorum
810 3972 974 4048 sententia,
1008 3990 1083 4052 quos
1117 3989 1196 4034 varra
1219 3989 1255 4033 66
1277 3988 1372 4050 paene

274 4071 404 4135 ridicula
426 4071 543 4135 iactare
563 4091 613 4154 pg.
632 4073 670 4135 14
692 4071 860 4148 contendit,
883 4071 1063 4154 longissime
1084 4070 1233 4134 discessit.
1278 4069 1372 4135 (luins

272 4191 387 4236 errores
417 4171 489 4235 iude
511 4171 577 4236 uati
599 4175 680 4248 sunt,
704 4171 785 4254 quod
815 4171 934 4236 cladem
962 4171 1219 4255 Lugudunensem
1243 4170 1368 4252 (6691,

276 4273 365 4337 1.14.
390 4272 462 4337 Tac.
486 4272 568 4336 Ann.
587 4272 671 4338 XVI.
698 4274 749 4353 13)
778 4273 856 4340 falso
885 4293 965 4340 anno
988 4272 1056 4355 (58)
1086 4271 1243 4354 ascripsit3
1277 4289 1370 4352 quam
