3194 5030
802 350 843 412 49

267 555 303 601 66
329 536 367 599 de
393 555 425 602 re
452 534 599 614 scriptam
632 533 839 598 intercessisse
865 534 1044 616 cogitemus.
1101 532 1190 596 Talia
1218 531 1365 596 nimirum

268 657 330 702 nen
357 636 534 701 scribuntur
562 634 668 717 utique
694 635 754 700 nisi
777 635 849 698 dum
879 637 995 718 primus
1024 636 1107 699 calor
1134 635 1166 697 in
1193 634 1366 698 66116616-

268 737 355 802 sidet.
399 737 457 800 His
485 736 782 800 661611166611161661
808 736 1003 819 cogiturque,
1038 755 1082 817 ep.
1105 734 1364 818 septuagesimam

268 837 340 902 ante
362 837 732 920 undequinquagesimam
755 855 818 900 6666
840 837 997 918 scriptam.
1034 873 1071 880 -
1105 836 1240 918 Longius
1263 835 1366 899 autem

270 937 316 1002 666
338 936 604 1020 progrediendum.
650 936 775 1000 Scilicet
797 937 851 1018 qui
881 937 927 1000 666
953 937 1033 1000 16661
1056 957 1102 1019 66.
1118 938 1158 999 69
1185 937 1216 1000 et
1238 937 1277 998 70
1300 953 1369 998 666-

270 1038 440 1102 teutiarum
463 1057 557 1101 uenus
579 1056 615 1101 ac
638 1056 824 1120 progressae,
849 1038 902 1120 qui
924 1037 1048 1120 quidem
1069 1037 1257 1102 6661666616
1279 1055 1369 1100 accu-

270 1138 385 1203 166661
409 1138 635 1220 6616661616116
657 1137 803 1202 ultimam
826 1139 936 1220 prioris
960 1139 1188 1221 paragraphum
1212 1157 1282 1201 cum
1301 1136 1370 1200 teta

270 1258 315 1320 ep.
333 1239 387 1311 70;
423 1239 491 1302 6616
515 1238 569 1320 qui
592 1237 803 1302 6661666168
827 1240 857 1302 66
879 1240 920 1302 69
943 1259 998 1321 66,
1022 1239 1204 1304 6661166666
1226 1237 1370 1318 illequi-

271 1337 340 1401 dem
368 1338 555 1418 comparatis
578 1340 628 1402 69.
658 1338 742 1420 §Si
770 1341 842 1402 668
870 1358 942 1402 curn
971 1341 1090 1421 6668,
1124 1336 1210 1402 vetat
1242 1336 1280 1400 de
1309 1355 1371 1400 una

271 1455 406 1502 seorsum
430 1457 448 1501 a
471 1437 597 1520 reliquis
620 1438 769 1504 iudicium
792 1439 868 1504 fieri.
913 1441 978 1504 Nec
1005 1458 1075 1503 vere
1103 1439 1269 1502 necessitas
1295 1436 1370 1512 sola,

271 1539 344 1603 hinc
366 1556 444 1620 quae
466 1537 574 1615 oritur,
605 1538 657 1602 sed
685 1558 806 1603 summa
829 1540 954 1604 aliunde
985 1540 1059 1604 nata
1086 1537 1300 1620 opportunitas
1322 1535 1370 1600 661

273 1639 405 1704 61611616
420 1640 507 1704 66616
522 1641 718 1706 commendat
733 1661 769 1706 ac
784 1641 1007 1722 persuadetut
1022 1642 1084 1704 6166
1022 1639 1170 1704 611166
1186 1637 1250 1717 (68.
1260 1638 1310 1700 69.
1318 1637 1370 1715 701

273 1739 307 1802 16
329 1739 463 1821 priorem
485 1741 600 1818 sedem,
639 1761 717 1824 quae
740 1742 798 1806 6116
825 1742 906 1806 16661
938 1761 983 1822 66.
1000 1742 1040 1805 48
1063 1741 1094 1804 66
1115 1741 1166 1815 19,
1200 1736 1372 1802 1616166166

273 1859 338 1904 6666
361 1841 389 1903 66
391 1841 546 1905 6.6661666
590 1843 731 1906 Ρ1116616
755 1843 837 1906 66116
859 1863 924 1924 666.
941 1845 981 1906 48
1004 1843 1035 1906 66
1058 1842 1097 1904 68
1121 1857 1267 1904 66661661
1289 1837 1373 1901 dete·

274 1959 345 2023 gere
369 1940 455 2004 nobis
479 1942 622 2025 contigit.
667 1943 823 2024 116481
852 1943 1007 2038 Lucilium
1034 1941 1247 2024 cognoscimus
1274 1937 1374 2002 oonsi-

275 2040 381 2104 silium
418 2041 572 2121 quoddam
610 2061 681 2106 cum
717 2042 832 2108 866666
869 2025 1120 2106 66161666166666.
1178 2041 1254 2104 16616
1289 2027 1373 2102 haud

277 2141 420 2254 exiguam
443 2161 515 2219 esse,
538 2143 575 2206 de
598 2144 938 2225 1666666111116166
970 2143 1041 2208 inde
1069 2142 1206 2224 6666166.
1241 2139 1321 2222 qued
1344 2139 1374 2202 66

277 2241 335 2322 1661
364 2259 478 2326 magna
501 2243 563 2306 1616
589 2244 756 2311 haesitatio
788 2265 862 2309 num
890 2193 1074 2320 consuleret
1109 2244 1212 2306 66666
1199 2241 1374 2315 68666666,

280 2343 448 2424 6666116661
470 2346 662 2426 respondeat.
707 2346 754 2410 De
776 2347 925 2411 exteriore
947 2345 1082 2427 quadam
1105 2363 1150 2418 1.6
1188 2360 1248 2406 666
1275 2340 1375 2422 philo-

204 2477 205 2482 *
281 2443 406 2524 sophica
430 2445 608 2526 quaestione
636 2446 697 2530 agi,
721 2447 853 2510 maxime
881 2447 944 2510 illis
968 2440 1089 2528 ‘utique
1116 2463 1187 2508 cum
1209 2441 1294 2507 aliud
1318 2441 1375 2504 tibi

278 2543 420 2624 expediat
451 2545 536 2608 aliud
565 2537 651 2611 mihi'
673 2547 865 2630 perspicitur.
910 2547 1024 2613 Seneca
1057 2563 1235 2628 responsum
1261 2543 1376 2619 differt,

185 2713 191 2724 ,
280 2645 447 2714 convertit¹
466 2665 497 2710 se
531 2646 571 2712 ad
598 2648 849 2730 philosopherum
875 2647 1029 2730 captiosas
1056 2645 1279 2728 disputationes
1306 2643 1377 2707 irri-

281 2743 405 2808 dendos.
450 2745 642 2827 Responsum
664 2748 742 2811 illud
766 2766 810 2824 66,
839 2749 891 2829 qui
914 2766 995 2811 nune
1018 2747 1073 2823 est,
1101 2744 1304 2826 epistularum
1327 2759 1377 2806 or·

281 2845 353 2909 diue
375 2864 535 2927 nunquam
558 2848 718 2928 reperitur.
763 2847 931 2928 1166116661
964 2865 1017 2929 661
1045 2866 1090 2923 66,
1127 2841 1379 2910 6116661661161·

281 2946 434 3030 ageretur,
457 2967 518 3012 nen
542 2949 732 3027 6666111616,
756 2950 868 3014 suadeo
891 2952 1004 3025 tamen,
1028 2949 1063 3011 ut
1085 2947 1138 3012 isti
1162 2946 1264 3028 6648
1287 2944 1378 3008 161616

282 3048 475 3112 conferamus
506 3068 541 3114 ea
564 3069 642 3131 quae
670 3051 801 3114 suntin
830 3070 875 3132 66.
891 3051 946 3113 686
979 3043 1149 3114 ‘consilio
1176 3049 1230 3110 666
1257 3044 1378 3120 accede,

281 3148 433 3214 absconde
459 3149 491 3213 te
521 3150 552 3214 in
576 3141 658 3214 etio’.
704 3151 811 3216 Otium
831 3150 910 3214 illud
932 3149 1041 3223 Lucili,
1078 3168 1131 3212 seu
1157 3146 1257 3228 666166
1285 3162 1380 3226 nego-

281 3251 396 3315 tiorum
417 3251 596 3331 deminutio,
620 3253 646 3317 si
669 3273 731 3334 qua
753 3253 816 3318 alia
838 3271 895 3331 res,
920 3271 954 3316 66
977 3251 1046 3329 1616,
1070 3251 1107 3314 de
1129 3269 1190 3331 qua
1213 3247 1298 3312 aliud
1318 3246 1380 3309 Lu-

282 3353 353 3417 cilio
376 3352 461 3417 aliud
478 3353 609 3418 Senecae
626 3354 792 3435 expediret,
815 3353 862 3419 1111
885 3353 1032 3418 nimirum
1055 3352 1179 3433 prepter
1201 3367 1264 3412 rem
1287 3346 1380 3412 iami-

282 3453 391 3517 liarem
414 3452 505 3516 6616
527 3453 632 3535 aliqua
659 3454 746 3535 parte
779 3453 873 3518 6111611
900 3452 1084 3527 16166661,66
1122 3448 1250 3513 1161666
1272 3445 1380 3511 relicta

284 3552 391 3618 Sicilia
419 3553 492 3618 6666
469 3555 529 3617 6116
557 3551 949 3636 [1166616666616681
980 3571 1026 3632 66.
1046 3551 1132 3629 462
1161 3543 1233 3613 ‘nisi
1259 3547 1381 3612 mature

284 3656 315 3718 66
338 3654 430 3718 finem
453 3653 547 3718 6111611
571 3674 724 3736 sperarem
746 3641 1004 3736 impetraturum’.

368 3758 423 3839 llp.
445 3760 485 3820 69
521 3758 659 3823 locorum
696 3757 900 3822 mutationem
938 3754 1056 3819 Lucilio
1090 3773 1144 3818 sue
1184 3751 1381 3834 philosophus

285 3859 388 3922 noster
401 3858 568 3923 dissuadet.
590 3858 678 3938 Quod
700 3858 897 3940 praeceptum
921 3857 970 3920 1111
992 3875 1060 3920 6166
1084 3852 1267 3919 crediderim
1289 3850 1383 3915 datu·

286 3977 355 4020 1616
377 3957 481 4035 161666,
509 3959 569 4022 6161
591 3959 646 4022 666
669 3960 736 4022 tum
758 3959 860 4041 ipsum
882 3959 914 4021 in
936 3957 1047 4020 1616616
1068 3953 1205 4018 Lucilius
1227 3950 1305 4016 66666
1327 3948 1382 4013 666

285 4058 376 4122 mede
398 4059 491 4123 redux
514 4059 624 4124 iactus.
668 4060 734 4124 Nec
757 4078 828 4123 vere
856 4059 921 4122 ulla
943 4059 988 4122 est
1019 4057 1051 4120 iu
1074 4053 1187 4137 viginti
1210 4051 1266 4128 eis,
1303 4069 1382 4132 quae

284 4159 547 4240 proximassent,
575 4160 694 4224 itineris
717 4160 871 4224 Luciliani
898 4159 1029 4230 meutie3
1056 4154 1138 4237 quod
1161 4152 1268 4218 contra
1291 4151 1380 4215 illum

284 4263 396 4340 locum,
423 4263 456 4326 in
479 4281 569 4348 quem
597 4262 676 4328 hanc
699 4280 778 4328 oum.
791 4260 916 4346 reliquis
942 4258 1147 4335 retulerimus,
1170 4251 1313 4323 accurate
1334 4251 1383 4318 iu-
