3194 5030
831 391 872 454 48

307 574 436 652 factum,
471 575 540 657 post
572 574 628 639 illa
662 573 814 639 aSuillio
837 593 864 637 a.
889 574 929 636 58
956 573 1075 640 iactata
1106 573 1246 639 crimina.
1289 572 1405 654 Quodsi

309 675 389 739 iuste
423 674 560 738 intellexi
583 694 619 739 ea
651 693 729 757 quae
752 673 878 754 chV,
908 673 990 737 5-7
1014 673 1142 738 obscura
1170 673 1286 752 scribit,
1320 673 1404 752 inid

305 777 428 858 tempus
450 795 518 839 eum
541 775 674 839 incidere
693 774 865 851 statuerim,
888 793 958 838 cum
980 775 1049 855 post
1069 772 1261 856 Agrippinae
1283 774 1405 839 caedem

307 877 348 956 (a.
366 877 420 959 59)
442 895 566 940 rursum
579 875 710 940 Senecae
731 875 816 939 fama
838 875 957 938 meritis
970 875 1139 957 opprobriis
1161 875 1405 957 adspergeretur.

307 1011 347 1022 -
369 976 480 1057 Itaque
501 976 572 1056 apte
593 975 656 1039 iarn
679 974 816 1038 alterum
837 973 915 1037 illud
941 974 1056 1038 Ionasii
1083 976 1303 1056 argumentum
1324 973 1406 1037 refu-

305 1076 461 1151 tabimusr
484 1077 538 1158 qui
561 1075 608 1139 vel
630 1075 729 1139 solam
749 1075 900 1138 Demetrii
921 1076 1109 1139 mentionem
1132 1075 1166 1138 111
1187 1075 1293 1157 aliquo
1314 1076 1407 1140 Sene-

307 1194 362 1240 cae
384 1174 462 1239 libro
485 1175 600 1238 factam
632 1174 809 1256 argumenti
835 1173 902 1238 loco
931 1193 963 1239 se
985 1175 1096 1238 habere
1114 1175 1200 1252 dicit,
1229 1193 1290 1257 quo
1310 1176 1406 1239 istum

305 1274 577 1354 librumlSeneoam
598 1261 776 1338 iamseuem
798 1275 828 1337 et
851 1274 1005 1338 aNerone
1019 1274 1229 1339 abalienatum
1251 1275 1407 1357 scripsisse

306 1375 542 1439 demonstretur.
587 1373 853 1438 Commemoratur
875 1373 999 1456 quidem
1021 1374 1198 1438 Demetrius
1218 1376 1251 1439 in
1273 1375 1406 1457 dialogis

305 1476 343 1540 de
365 1476 431 1539 vita
452 1475 543 1539 beata
567 1475 598 1537 et
619 1473 657 1537 de
678 1473 873 1555 prouidentia
896 1467 1028 1556 scriptis,
1053 1477 1085 1538 in
1097 1476 1227 1557 septimo
1248 1475 1284 1538 de
1306 1476 1406 1539 Bene-

307 1577 394 1654 ficiis,
420 1577 453 1640 111
484 1578 595 1658 quarto
629 1575 831 1639 Naturalium
858 1576 1090 1656 Quaestionum,
1119 1577 1250 1658 denique
1276 1576 1406 1657 11111111-

306 1678 406 1741 stulis.
450 1675 494 1740 At
517 1676 658 1741 Ionasius
681 1677 761 1739 solas
784 1675 932 1757 epistulas
961 1676 1031 1740 aliis
1061 1695 1183 1758 quoque
1215 1677 1406 1759 argumentis

307 1778 449 1842 effecerat
471 1779 540 1859 post
562 1794 711 1840 secessum
735 1777 867 1858 scriptas
895 1796 968 1840 esse.
1015 1777 1173 1857 Quaenam
1206 1778 1304 1860 igitur
1331 1777 1406 1840 haec

307 1879 531 1944 ratiocinatio?
568 1877 768 1942 Concedimus
791 1896 846 1940 nos
870 1878 1010 1959 quidem,
1034 1880 1064 1941 et
1097 1878 1256 1960 dialogum
1278 1877 1316 1941 de
1337 1896 1407 1958 pro-

312 1981 449 2046 videntia
467 1980 563 2045 rideri
580 1981 685 2062 postea
703 1979 850 2060 scriptam
866 1998 939 2058 esse,
969 1979 1249 2044 demonstravimus
1260 1982 1405 2063 quartum

313 2084 388 2148 Nat.
400 2082 639 2162 Quaestionum:
663 2080 739 2142 nihil
761 2079 831 2143 inde
855 2080 1052 2144 auctoritatis
1075 2081 1281 2148 debilissimae
1303 2081 1351 2146 illr
1373 2101 1406 2144 er

307 2184 486 2248 inductione
502 2182 677 2246 collectioni
693 2181 848 2245 accrescit.
871 2181 1001 2244 Prorsus
1024 2182 1105 2244 enim
1127 2200 1188 2245 non
1210 2182 1406 2264 intelligitur,

308 2284 362 2366 qui
381 2283 423 2347 sit
442 2283 523 2346 inter
554 2301 703 2346 secessum
737 2281 870 2347 Senecae
902 2284 933 2345 et
955 2282 1103 2364 Cynicum
1133 2284 1228 2348 istum
1250 2284 1405 2347 hominem

309 2402 448 2448 conexus.
493 2383 650 2448 Nimirum
675 2382 754 2446 tales
782 2383 983 2461 coniecturae,
1006 2383 1128 2464 qualem
1164 2385 1201 2448 de
1242 2385 1306 2449 eius
1336 2400 1434 2448 cum·

308 2483 465 2548 Demetrio
510 2483 731 2547 consuetudine
770 2482 966 2546 Lehmannus
1012 2481 1134 2561 (Claud.
1177 2484 1229 2566 16)
1266 2485 1405 2566 protulit,

310 2585 437 2648 minime
459 2583 618 2648 sufficiunt
640 2583 679 2648 ad
700 2585 840 2664 tempora
869 2581 1042 2646 definienda
1064 2583 1095 2646 et
1116 2585 1258 2649 accurate
1281 2603 1406 2667 compu-

310 2684 416 2750 tanda.
462 2684 577 2749 Contra
601 2683 770 2748 certissime
802 2681 942 2746 ridemur
977 2681 1212 2762 demonstrasse,
1247 2685 1407 2768 dialogum

309 2784 346 2848 de
381 2786 447 2850 vita
480 2785 571 2850 beata
597 2790 668 2848 aule
697 2803 724 2849 a.
750 2785 790 2848 62
823 2783 973 2864 scriptum
1001 2801 1073 2846 esse.
1105 2782 1230 2848 Certum
1252 2785 1298 2847 est
1319 2803 1407 2866 prae·

309 2884 393 2948 terea
416 2884 544 2966 (Bonas.
576 2885 647 2962 VII,
684 2884 735 2966 ll)
765 2884 957 2948 Demetrium
990 2883 1054 2946 iam
1083 2882 1226 2966 Caligula
1258 2885 1407 2967 regnante

310 2983 428 3048 Romae
459 2984 554 3048 fuisse
576 2985 695 3047 notum.
738 2985 849 3066 ltaque
874 2983 987 3047 rectius
1008 2985 1190 3061 statuemus,
1220 2984 1317 3049 rideri
1337 3003 1407 3048 cum

259 3123 262 3129 ·
312 3083 425 3167 Cynico
445 3083 505 3147 isto
526 3083 658 3148 Senecae
686 3083 938 3148 consuetudinem
968 3083 1157 3162 renituisse,
1182 3104 1261 3168 quae
1284 3084 1407 3167 quando

311 3185 388 3249 inita
414 3186 455 3247 sit
477 3184 602 3248 definire
618 3203 803 3266 nequeamus
825 3203 881 3248 nec
903 3185 1037 3249 multum
1059 3186 1183 3251 intersit
1207 3186 1342 3250 definire.
