3194 5030
799 399 838 463 28

271 582 345 647 dum
378 582 509 647 Neronis
544 583 647 666 gratia
681 583 796 664 pellens
830 583 945 648 Seneca
974 585 1012 648 ad
1046 585 1150 648 aulam
1188 585 1370 648 moraretur.

273 684 372 747 Immo
392 682 626 765 ‘ccnrrlryliates'
653 682 722 746 illes
745 703 790 764 ep.
806 685 846 746 62
871 702 932 746 ncn
954 703 1074 748 necesse
1096 686 1142 747 est
1164 686 1296 766 eogitari
1319 685 1373 748 lre-

271 785 368 847 mines
389 784 521 856 aulicum
554 783 684 865 quilibet
708 785 755 848 vel
787 785 912 848 senator
946 785 993 848 vel
1017 804 1106 866 eques
1130 786 1232 866 potuit
1252 786 1296 848 sic
1317 805 1371 865 ap-

271 885 389 966 pellari.
439 885 493 965 Ep.
506 887 547 946 56
570 903 648 965 quae
681 883 718 946 de
752 884 891 961 molesto,
916 884 998 966 qued
1027 886 1086 948 sibi
1108 886 1243 968 elegerit,
1268 887 1372 950 dever-

272 986 352 1052 sorio
376 985 489 1050 Seneca
522 986 640 1060 narrat,
663 1004 821 1066 perperam
844 985 990 1066 Peiperus
1019 985 1185 1049 intellexit:
1216 987 1371 1068 nunquia

271 1105 340 1148 enm
376 1085 485 1150 aulicis
523 1085 566 1149 ibi
589 1089 667 1149 esset
699 1086 781 1166 iique
805 1087 898 1149 Baias
928 1105 1031 1150 omnes
1055 1087 1296 1168 occupavissent,
1319 1086 1371 1150 sed

272 1188 306 1251 ut
340 1188 473 1250 mentem
509 1187 708 1268 animumque
742 1205 831 1250 suum
861 1188 1020 1262 exerceret,
1056 1187 1139 1250 istud
1174 1187 1371 1269 philosophus

272 1289 373 1350 nester
406 1286 545 1350 tumultu
575 1306 688 1368 magno
721 1287 882 1350 turbatum
923 1287 1054 1351 incoluit
1089 1287 1295 1351 deversorium
1318 1288 1370 1366 (cf.

270 1388 361 1451 linem
385 1389 450 1451 eius
473 1389 542 1469 ep).
602 1387 744 1452 Ceterum
769 1406 802 1450 ec
839 1406 919 1451 anne
958 1407 1018 1469 quc
1039 1388 1184 1469 Peiperus
1217 1389 1303 1453 illam
1325 1407 1371 1469 ep.

271 1490 362 1569 putat
382 1488 531 1569 scriptam
554 1507 617 1552 esse
641 1489 708 1569 (58)
733 1488 847 1552 Seneca
874 1489 905 1552 ni
927 1488 1066 1552 telluris
1089 1491 1156 1553 erat
1177 1489 1230 1570 qui
1250 1491 1371 1570 praeter

270 1591 385 1653 ceteros
408 1607 512 1652 ornnes
537 1589 654 1653 ardiccs
670 1591 772 1670 pessel
791 1589 965 1653 deversari-u
982 1590 1061 1654 bona
1084 1590 1227 1672 deligere.
1254 1589 1370 1652 Deinde

273 1691 349 1754 false
384 1691 443 1753 iste
473 1690 519 1754 ait
539 1690 688 1771 quosdam
719 1690 801 1753 locos
823 1691 863 1754 ad
887 1692 1042 1755 luxuriam
1066 1690 1371 1755 Baianam'Nerenis

271 1790 444 1856 referendos
467 1811 539 1855 esse.
584 1791 691 1872 Neque
715 1791 795 1864 enim
816 1810 963 1873 umquam
980 1791 1165 1872 discipulum
1189 1810 1278 1853 suum
1295 1789 1370 1853 Cae-

270 1911 378 1967 sarem,
408 1911 444 1955 ne
468 1893 536 1954 tum
562 1891 685 1972 quidem
708 1911 777 1955 cum
801 1892 864 1955 eius
894 1892 998 1955 favere
1020 1891 1188 1954 destitutus
1213 1891 1299 1966 esset,
1317 1889 1370 1954 Se-

271 2013 344 2056 neca
366 1993 467 2057 acrius
496 1994 691 2074 persa-nne
726 1993 838 2057 nedum
868 2011 901 2056 ec
923 2011 982 2073 que
1005 1991 1150 2073 Peiperus
1171 1991 1271 2054 volarit
1289 2008 1369 2054 anno

270 2095 320 2168 58,
356 2111 425 2156 cum
461 2093 571 2158 eximia
605 2093 670 2158 eius
701 2093 840 2156 amIeitia
873 2093 1020 2167 uteretur,
1041 2094 1107 2155 tam
1129 2091 1288 2172 Impudeus
1311 2091 1370 2154 im-

270 2193 442 2274 prudensre
463 2193 556 2257 luisse
579 2194 746 2258 credendus
769 2193 819 2270 sit,
841 2195 877 2257 ut
894 2193 1013 2274 publice
1035 2192 1181 2256 conviciis
1203 2192 1370 2272 imperato·

270 2312 336 2356 rem
358 2294 589 2376 aggrederetur.

370 2399 513 2463 Alterum
557 2401 703 2481 temperis
737 2399 886 2462 indicium
923 2399 1053 2463 habetur
1086 2396 1216 2477 epistula
1248 2396 1368 2470 octava,

270 2519 362 2581 quam
384 2500 443 2563 viri
471 2499 554 2564 docti
576 2487 638 2564 iere
667 2519 771 2564 omnes
801 2499 945 2563 viderunt
983 2501 1031 2563 vel
1053 2499 1185 2562 maxime
1208 2495 1369 2559 convenire

269 2619 339 2662 cum
362 2599 413 2676 eis,
435 2619 513 2681 qnae
527 2601 564 2665 de
580 2620 699 2664 secessu
712 2600 843 2665 Senecae
867 2620 885 2664 a
907 2620 937 2663 re
961 2599 1091 2680 publica,
1114 2617 1194 2662 anne
1216 2599 1255 2660 ua
1274 2596 1367 2671 secter,

238 2749 242 2758 .
270 2698 398 2764 'lucitus
421 2699 505 2776 XIV,
530 2701 570 2764 56
593 2701 722 2765 exhibet.
767 2699 935 2764 Martensic
958 2717 1038 2776 vere,
1061 2717 1172 2780 negare
1194 2696 1225 2759 id
1248 2697 1368 2771 canate,

269 2801 506 2882 respondemus:
544 2820 623 2881 quae
644 2801 706 2880 §.6
735 2801 889 2865 habentur·
922 2800 1015 2864 verba
1040 2798 1079 2862 ‘si
1097 2798 1170 2862 duee
1191 2817 1316 2873 mecum,
1339 2797 1368 2859 si

266 2901 339 2966 lacer
355 2903 569 2982 crimpestede
584 2902 702 2982 loquor,
727 2922 791 2964 mom
806 2901 912 2965 uidene
928 2889 984 2964 liti
998 2900 1076 2980 ptus
1091 2899 1249 2979 prodesse,
1274 2916 1367 2978 quam

268 3024 361 3086 quum
385 3004 428 3068 ml
451 3003 663 3067 audirrremium
684 3003 853 3067 advocatus
875 3002 1086 3066 descenderem
1114 2998 1305 3064 eutichetis
1327 3003 1368 3060 te-

267 3106 412 3168 stamenii
442 3103 571 3169 acutiam
592 3105 802 3185 imprimerem
825 3108 880 3167 cut
901 3104 936 3166 ιἰι
957 3108 1067 3166 senatu
1081 3101 1249 3165 eurrdielcto
1269 3117 1370 3162 vocem

268 3212 295 3270 et
318 3227 446 3270 maurim
467 3206 696 3270 courmodarem'
730 3225 765 3269 ea
788 3206 893 3286 aperte
914 3203 1031 3279 decere,
1054 3222 1114 3266 nen
1139 3201 1229 3265 mode
1255 3197 1366 3262 studiis

268 3308 369 3386 magis
392 3326 484 3388 quam
507 3307 599 3370 antea
610 3307 758 3371 Senecam
780 3325 844 3370 sese
866 3305 993 3381 dedisse,
1018 3304 1069 3368 sed
1093 3323 1161 3368 vere
1188 3303 1271 3365 vitae
1294 3318 1366 3363 strae

267 3427 388 3473 emnem
412 3409 552 3472 habitum
576 3409 754 3472 mutavisse.
800 3407 844 3472 CI.
862 3407 949 3483 VIII,
970 3408 996 3470 1.
1020 3407 1048 3468 2.
1070 3408 1088 3468 3
1109 3407 1178 3470 init.
1203 3441 1239 3450 —-
1264 3407 1361 3484 VII‚l

264 3509 408 3590 ‘quornm
442 3509 537 3573 animi
572 3527 605 3572 ex
629 3508 722 3590 longe
745 3510 851 3572 merbc
872 3506 1077 3579 refieiurrtur³;
1110 3507 1219 3587 quibus
1242 3527 1366 3589 compa·

267 3609 364 3674 reuda
388 3629 422 3673 ea
445 3626 523 3690 quae
545 3608 582 3677 de
605 3607 644 3671 N.
661 3607 719 3687 Qu.
743 3608 875 3672 librilll
900 3607 1090 3688 praefatique
1112 3607 1365 3686 supradiximus.

269 3709 357 3790 Quml
382 3728 453 3772 xero
478 3710 554 3790 ep.7
575 3708 665 3771 initio
698 3709 824 3772 turbam
853 3709 1013 3772 homiuum
1035 3707 1093 3770 silai
1117 3726 1238 3789 queque
1259 3726 1366 3771 nocere

268 3811 384 3886 scribit,
408 3809 439 3872 id
462 3828 499 3872 xre
523 3812 644 3891 praeter
666 3809 870 3874 Martensium
904 3827 1090 3889 quemquam
1113 3808 1214 3885 fallat,
1239 3827 1366 3872 mouen-

267 3913 339 3974 dum
363 3909 484 3974 videtur
505 3929 658 3992 nusquam
683 3911 803 3974 narrari
819 3910 974 3986 Senecam,
998 3929 1093 3990 quum
1115 3909 1261 3974 Instituta
1285 3909 1366 3990 piric-

268 4013 309 4076 ris
333 4012 488 4092 potentiae
513 4012 658 4087 mutaret,
682 4010 792 4074 statim
808 4010 846 4074 ab
864 4010 937 4074 aida
963 4009 1001 4073 ad
1024 4010 1244 4073 monachorum
1268 4030 1366 4091 quan·

267 4111 338 4175 darn
361 4109 483 4174 vivendi
504 4111 656 4175 rationem
676 4111 942 4175 transcucurrisse.
988 4109 1034 4174 Cf.
1050 4110 1121 4174 Tac.
1139 4110 1220 4172 Ann.
1234 4109 1302 4186 XV,
1315 4113 1365 4172 23.

268 4211 335 4285 XV.
353 4212 404 4275 45.
778 4215 782 4224 ’

373 4314 458 4378 Idem
481 4313 669 4379 Martensius
702 4335 736 4379 ex
768 4315 971 4397 epistularum
1006 4317 1118 4380 natura
1146 4316 1281 4398 collegit,
1305 4335 1365 4378 non
