3194 5030
796 379 834 440 12

265 561 379 625 terram
402 563 574 644 sequuntur
598 564 628 626 et
651 563 682 627 in
705 564 767 627 imo
791 563 1083 636 collocabuntnr;
1105 565 1139 628 at
1161 565 1213 629 ubi
1234 583 1328 646 quaer
1338 585 1368 628 e·

265 663 338 738 tur,
362 661 430 744 quis
452 664 553 726 terrae
579 663 658 727 situs
681 664 731 740 sit,
758 683 819 745 qua
836 665 923 745 parte
944 663 1051 728 mundi
1078 665 1257 742 consederit,
1292 683 1369 747 quo·

266 761 356 827 modo
389 761 535 826 aduersus
566 762 666 828 sidera
701 763 880 846 caelumque
912 766 1013 846 posite
1043 764 1092 843 sit,
1122 765 1197 830 haee
1230 765 1369 848 quaestio

266 864 376 928 cedet
409 863 617 944 superioribus
640 865 680 941 et,
715 865 750 928 ut
772 864 817 928 ita
839 864 952 944 dicam,
974 866 1132 932 meliorem
1154 866 1366 931 condicionem

265 964 457 1047 sequetur.²

363 1065 545 1130 Rectissime
556 1065 697 1132 Ionasius
709 1066 749 1130 ad
771 1067 876 1131 futura
894 1066 950 1131 ille
962 1067 1102 1130 animum
1115 1067 1259 1132 attendit.
1283 1068 1368 1148 Quae

265 1168 291 1232 si
315 1186 386 1230 vera
416 1184 452 1230 ae
478 1167 613 1248 genuina
635 1167 706 1244 sint,
737 1186 891 1248 apparere,
926 1186 996 1230 cum
1026 1168 1117 1232 huius
1149 1168 1222 1233 libri
1241 1167 1367 1250 (sexti)

265 1267 455 1349 prooemium
476 1269 668 1347 scriberetur,
693 1268 839 1334 Senecam
862 1269 995 1350 primam
1019 1271 1140 1351 partem
1166 1269 1203 1334 de
1228 1271 1368 1335 caelesti·

235 1367 321 1430 ·bus
343 1368 480 1432 nondum
506 1369 674 1434 absolvisse
698 1370 732 1432 in
757 1370 925 1451 prioribus3
958 1369 1047 1451 atqui
1068 1388 1166 1451 neque
1192 1369 1225 1433 in
1249 1368 1367 1451 eisqui

265 1469 419 1550 supersint
447 1468 575 1548 duobus,
616 1469 682 1552 (qui
711 1470 801 1534 hodie
831 1471 903 1535 sunt
923 1469 972 1533 Ill
995 1470 1026 1533 ct
1046 1469 1128 1551 ΙΨ),
1159 1469 1214 1534 illa
1232 1488 1366 1534 comme·

265 1570 394 1634 morari:
417 1570 498 1634 unde
520 1570 601 1634 effici
624 1572 660 1634 ut
682 1572 749 1635 tota
772 1591 841 1653 pars
864 1571 963 1653 prima
987 1571 1101 1635 omissa
1125 1589 1188 1635 esse
1215 1569 1366 1634 videaur.

266 1669 319 1747 At,
343 1689 421 1752 quae
443 1669 522 1734 libro
545 1672 675 1752 septimo
700 1672 731 1734 ct
753 1671 851 1752 primo
880 1669 951 1751 (seo.
976 1671 1126 1735 Haasium
1148 1669 1194 1732 IV
1217 1669 1248 1733 et
1267 1669 1308 1749 V)
1331 1669 1368 1732 de

266 1771 393 1834 cometis
426 1769 516 1834 etde
546 1770 671 1853 ignibus
704 1771 848 1834 aetheriis
876 1770 1007 1852 exponit,
1040 1789 1075 1834 ea
1098 1770 1202 1833 tamen
1226 1787 1280 1831 eur
1307 1787 1367 1831 non

267 1870 450 1934 caelestibus
473 1871 706 1948 ascriberentur,
742 1889 839 1952 neque
860 1871 1001 1935 Ionasius
1023 1869 1176 1934 intellexit
1199 1886 1295 1951 neque
1312 1886 1368 1950 ego

266 1987 392 2035 causam
414 1971 602 2052 probabilem
617 1970 726 2035 detexi.
771 1971 829 2035 His
850 1970 1097 2036 dubitationibus
1111 1969 1368 2034 difficultatibus·

267 2089 325 2152 que
358 2087 548 2153 quamquam
571 2070 681 2136 Haasii
710 2073 895 2136 sententiam
919 2071 1008 2137 valde
1034 2071 1253 2135 labefactatam
1276 2069 1369 2133 lona·

266 2171 329 2234 sius
352 2171 518 2249 existimat,
541 2173 644 2236 tamen
668 2171 705 2235 de
727 2191 798 2235 vero
821 2171 971 2235 librorum
997 2171 1102 2236 ordine
1122 2171 1187 2252 ipse
1217 2170 1366 2253 desperat.

362 2273 420 2338 Sed
443 2272 591 2337 audentes
613 2273 751 2338 Fortuna
773 2273 870 2337 iuuat.
914 2274 1029 2337 Rerum
1052 2272 1244 2350 divisionem,
1267 2269 1368 2353 qualis

267 2375 308 2450 II,
334 2376 348 2436 1
372 2374 514 2451 habetur,
536 2373 620 2438 serto
640 2372 763 2437 demmn
786 2373 865 2438 libro
877 2373 1010 2450 institui,
1033 2391 1102 2437 cum
1126 2392 1220 2454 perse
1241 2370 1368 2435 difficile

268 2473 418 2551 videatur,
439 2473 506 2536 tum
524 2472 634 2536 'futura
650 2473 672 2554 ¹)
689 2472 751 2536 ,illa
780 2473 806 2536 si
827 2473 1047 2554 respexerimus
1077 2472 1136 2538 erit
1157 2472 1248 2554 plane
1269 2471 1368 2534 incre·

267 2573 369 2637 dibile.
414 2574 552 2652 Accedit,
576 2573 657 2655 quod
682 2593 716 2637 ea
740 2592 860 2656 quoque
874 2593 953 2655 pars,
974 2592 1034 2655 qua
1050 2574 1088 2637 de
1110 2573 1293 2637 sublimibus
1317 2591 1368 2635 uc·

265 2676 355 2737 turus
365 2675 421 2751 est,
444 2673 552 2750 futuri,
573 2675 594 2738 i.
611 2695 635 2739 e.
658 2676 805 2756 temporis
820 2672 955 2737 nondum
979 2675 1111 2738 absoluti
1125 2673 1249 2738 notione
1271 2672 1367 2756 signi-

266 2775 387 2839 ficetur.
421 2775 576 2841 Scribitur
591 2774 712 2856 ‘quode
733 2774 901 2838 tonitribus
913 2775 1149 2857 fulguribusque
1158 2774 1183 2854 ²)
1206 2774 1369 2839 dicturus

266 2876 314 2939 es?
360 2875 404 2938 At
425 2875 457 2938 in
480 2874 586 2940 ordine
608 2875 769 2938 Haasiano
797 2873 912 2937 librum
942 2875 1061 2937 sertum
1083 2872 1177 2957 (ἹΙΓ)
1207 2893 1298 2957 quem
1319 2872 1368 2936 di·

366 3078 391 3144 1)
407 3071 639 3129 ‘Collocabuntur’
671 3075 731 3128 cod.
765 3075 902 3142 onmium,
933 3074 1048 3130 ¹cedet.
1077 3069 1238 3143 ,sequetur'
1270 3069 1368 3140 optimi

267 3165 429 3218 testimonio
447 3164 643 3230 confirnmtur3
672 3164 813 3231 nequead
834 3165 873 3217 rei
893 3183 1025 3216 summam
1051 3163 1184 3218 differunt
1203 3160 1367 3230 praesentia.

366 3255 393 3322 2)
413 3252 537 3321 Fulgura
556 3252 622 3304 mihi
634 3250 765 3306 ridentur
784 3252 808 3304 h.
829 3252 846 3306 l.
869 3271 918 3320 pru
938 3253 1094 3322 fulgoribus
1120 3248 1280 3319 recipienda
1298 3265 1366 3302 esse.

267 3341 331 3395 Cod.
346 3341 378 3396 G.
397 3357 505 3394 mecum
523 3340 596 3393 fecit.
625 3340 759 3408 Fulgores
782 3368 809 3378 -
833 3358 962 3408 eosquos
982 3340 1079 3393 librol
1098 3338 1239 3403 tractarit,
1261 3367 1288 3374 ν
1312 3335 1329 3389 i.
1344 3353 1366 3388 e.

265 3447 346 3484 orcus
365 3429 505 3495 caelestes,
524 3423 649 3498 cripitur,
669 3431 742 3490 σέλα,
762 3429 824 3492 alia,
844 3430 985 3497 pertinent
1003 3428 1037 3480 ad
1057 3445 1101 3480 res
1121 3425 1263 3480 caelestes.
1285 3423 1366 3476 'l'oni-

265 3523 329 3572 true
348 3519 382 3571 ad
401 3520 533 3588 μετέωρα,
555 3516 590 3570 cf.
619 3517 687 3570 Dial.
708 3516 768 3579 XII,
795 3519 837 3573 20,
857 3517 948 3570 lonas.
975 3518 1057 3585 pb9.
1094 3517 1132 3568 Ac
1155 3513 1189 3566 dc
1218 3512 1368 3565 tonitribus

265 3607 477 3678 fulguribusque
496 3610 524 3659 et
544 3604 705 3658 fulminibus
725 3605 751 3658 in
770 3605 843 3658 libro
857 3605 891 3668 Il,
919 3605 964 3673 qui
983 3605 1018 3657 ad
1037 3622 1080 3658 res
1100 3601 1230 3656 sublimes
1251 3603 1367 3670 spectat,

265 3697 416 3750 coniuncta
436 3699 479 3747 est
500 3692 632 3762 quaestio.
1054 3689 1059 3698 ’

366 3783 498 3837 Similiter
528 3783 549 3840 1.
571 3785 612 3850 15,
639 3780 789 3850 31'ulgura
818 3789 882 3834 suut
912 3778 1090 3834 restituendo.
1129 3779 1255 3846 Ineptum
1286 3776 1368 3836 errim,

266 3891 327 3927 cum
351 3871 499 3942 fulgorum
527 3871 618 3923 uariae
639 3870 743 3938 species
774 3869 991 3937 distinguantur,
1024 3885 1104 3920 uunm
1123 3883 1217 3919 earum
1243 3863 1368 3934 generali

266 3961 376 4014 nomine
393 3959 415 4030 S
430 3963 446 4013 3
467 3958 601 4028 appellari
618 3956 696 4012 ‘baec
714 3957 837 4026 fulgores
856 3952 1002 4010 dicuutur'.
1041 3955 1069 4009 Si
1087 3971 1225 4009 ueroeam
1245 3953 1364 4021 speciem

265 4048 349 4102 vellet
367 4046 424 4100 κατ’
444 4040 541 4116 lingbu
559 4045 671 4114 generis
693 4062 792 4097 nonren
811 4047 915 4100 tenere.
937 4043 1030 4112 utique
1055 4042 1083 4096 id
1102 4040 1278 4096 indicandum
1298 4042 1367 4092 erat.

264 4137 388 4207 Fulgura
400 4135 543 4204 aptissima
561 4134 809 4203 essecognoscitur
830 4150 863 4185 ex
877 4149 916 4194 ca,
938 4151 1007 4202 quac
1026 4131 1147 4197 additur,
1166 4129 1368 4198 descriptione.

265 4225 396 4278 Errorem
415 4222 545 4276 facillime
563 4222 632 4276 oriri
649 4221 781 4290 potuisse,
801 4221 847 4294 qui
858 4220 1035 4276 librariorum
1054 4222 1225 4294 rpryoloyfuv
1244 4217 1366 4290 sepiunt,

264 4329 320 4368 non
337 4311 505 4368 dubitabunt
523 4309 684 4368 concedere,
