3194 5030
756 387 789 450 ll

226 591 296 636 nem
332 572 518 648 institueret,
552 591 612 635 non
645 571 844 652 posteaquam
878 572 1026 652 quattuor
1060 571 1123 636 iam
1155 571 1192 635 de
1221 591 1322 636 rerum

225 673 337 736 natura
370 673 466 737 libros
500 672 738 752 conscripsisset.
792 672 864 734 Ideo
897 690 1066 752 numquam
1102 691 1137 736 oa
1161 673 1263 753 patiar
1284 671 1323 736 ad

226 772 408 855 cuiusquam
430 773 547 836 iussum
570 773 600 836 et
622 771 788 836 arbitrium
810 771 878 836 loco
901 790 955 835 suo
978 773 1103 836 inoveri.

323 874 361 938 ln
382 872 470 938 libris
492 871 712 953 manuscriptis
734 891 928 953 nusquam
951 872 1194 954 praefationibus
1216 873 1324 954 singu·

224 970 325 1037 lorum
340 973 490 1038 librorum
505 992 595 1036 suurn
610 973 657 1035 ius
672 972 831 1048 tribuitur,
846 971 898 1035 sed
920 972 1028 1036 statim
1050 991 1196 1036 numerus
1217 972 1325 1037 nnius·

226 1073 372 1156 cuiusque
393 1072 559 1138 indicatur.
582 1072 685 1137 Berol.
712 1071 828 1137 (incltt
848 1071 975 1154 ‘Incipit
996 1072 1074 1137 liber
1096 1073 1231 1153 primus?
1255 1073 1325 1137 Uno

224 1175 257 1240 in
279 1175 500 1258 bambergensi
524 1175 617 1256 atque
639 1174 696 1237 hoc
722 1192 782 1237 uno
805 1173 872 1238 loco
895 1174 969 1238 baec
990 1174 1146 1256 leguntur,
1169 1193 1247 1255 quae
1269 1193 1325 1238 no·

226 1275 309 1339 strae
331 1274 502 1338 sententiae
533 1274 582 1338 vel
604 1273 736 1338 maxime
759 1273 885 1337 favent:
915 1273 1120 1355 ‘Prologus
1147 1273 1249 1338 Annei
1271 1273 1325 1338 Se·

226 1394 318 1439 necao
340 1373 545 1439 Cordubensis
568 1375 601 1438 in
622 1373 737 1438 librum
760 1373 797 1437 de
814 1374 1010 1438 naturalibus
1033 1374 1264 1455 quaestionibus
1286 1374 1325 1438 ad

224 1475 406 1539 Lucilium?
429 1475 461 1538 id
474 1475 556 1556 quod
578 1475 661 1539 haud
674 1474 740 1539 leue
762 1473 885 1538 videtur
906 1494 970 1538 esse
991 1474 1140 1539 indicium
1163 1475 1227 1539 ut'
1219 1494 1252 1538 m
1274 1493 1325 1538 co·
1381 1545 1386 1556 ,

225 1574 293 1638 dice
325 1574 464 1638 omnium
498 1572 718 1650 vetustissimo,
751 1574 853 1650 cui,n
834 1575 869 1637 nt
896 1573 942 1638 ait
964 1575 1100 1639 Haasins
1123 1573 1271 1656 (praonv
1274 1575 1324 1655 L),

225 1693 287 1738 non
310 1673 421 1738 desunt
451 1674 587 1756 exempla
615 1673 785 1754 scripturae
808 1693 853 1737 er
876 1673 980 1755 aliquo
1003 1674 1171 1738 ιιιιιιιιοιι
1193 1674 1224 1737 ιι
1245 1674 1326 1738 inte·

225 1793 281 1857 gro
304 1774 385 1839 libro
408 1775 608 1856 propagatae.

326 1874 421 1938 Libro
444 1873 481 1950 ei,
506 1873 559 1956 qui
581 1874 614 1937 in
636 1873 709 1938 edit.
733 1874 778 1937 est
792 1874 912 1951 tertius,
936 1875 1099 1956 septimam
1121 1874 1224 1939 sedern
1238 1875 1326 1938 Haa-

226 1975 291 2040 sius
312 1975 433 2040 tribuit.
479 1974 653 2039 Audiamus
668 1975 869 2057 praefationis
891 1975 1066 2040 exordium:
1085 1974 1158 2038 ‘non
1180 1976 1327 2056 praeterit

226 2095 283 2153 me,
306 2075 419 2187 inquit,
436 2094 530 2156 quam
545 2093 732 2156 magnarum
754 2092 882 2138 rerum
906 2075 1164 2140 fundamenta
1186 2093 1324 2156 ponam

226 2195 324 2253 senex,
357 2175 410 2257 qui
441 2176 592 2239 mumlum
622 2175 751 2238 circuire
782 2174 930 2238 constitui
963 2177 1020 2239 cet.
1044 2175 1087 2256 (ι’.
1103 2176 1135 2254 4)
1159 2175 1325 2239 Faciamus

225 2275 337 2358 qnod
328 2296 361 2339 m
393 2276 504 2340 itinere
537 2275 602 2338 fieri
635 2275 731 2339 solet:
765 2275 818 2356 qui
839 2275 961 2339 tardius
989 2276 1136 2353 exierunt,
1160 2275 1325 2339 uelocitaet

225 2377 355 2458 pensant
384 2395 504 2439 moram
526 2376 590 2439 ιιι·
615 2375 752 2439 Haecine
783 2375 844 2438 dici
866 2375 1002 2456 potuisse
1030 2375 1216 2456 putabimus,
1239 2375 1325 2456 post·

225 2496 319 2559 quam
339 2495 390 2540 ser
412 2475 483 2539 libri
505 2477 568 2540 iam
592 2476 723 2540 confecti
746 2476 855 2554 essent,
879 2477 980 2540 minor
1002 2494 1148 2540 numerus
1172 2475 1324 2540 restaret?

224 2579 325 2642 Immo
349 2576 430 2660 quod
452 2577 655 2641 fundamenta
677 2576 778 2658 operis
806 2595 969 2657 seponere
999 2577 1116 2653 scribit,
1139 2575 1323 2640 documento

224 2677 311 2742 nobis
333 2677 388 2754 est,
410 2677 491 2741 inter
512 2676 604 2741 initia
625 2696 695 2741 eum
718 2678 786 2740 tum
808 2676 932 2754 uersari,
957 2676 1089 2740 necdum
1110 2697 1128 2740 a
1151 2678 1250 2758 primo
1273 2695 1325 2740 ιι-

224 2778 310 2844 ordio
339 2777 415 2843 adeo
448 2780 603 2843 remotum
636 2797 708 2842 esse.
765 2777 943 2842 Videbimus
980 2796 1034 2840 nos
1063 2778 1188 2859 quidem
1210 2777 1325 2841 librum

223 2879 314 2942 illum
337 2878 413 2961 (III)
437 2878 532 2943 etiam
555 2877 679 2960 propius
702 2876 742 2941 ad
769 2876 896 2940 initium
919 2896 982 2940 esso
1004 2876 1240 2942 admovendum.

321 2978 393 3042 Non
415 2997 530 3060 magno
553 2978 786 3060 equidem'cum
822 2975 952 3058 pondere
974 2977 1005 3040 id
1037 2977 1210 3053 adiecerim,
1243 2978 1324 3060 qnod

223 3079 327 3144 tamen
346 3077 430 3142 baud
446 3077 602 3142 immerito
625 3077 780 3159 quispiam
797 3076 1003 3154 dubitaverit,
1027 3077 1176 3159 optumae
1197 3077 1271 3141 adeo
1295 3079 1325 3142 et

224 3176 467 3241 commendabile
489 3177 584 3241 fuerit
608 3177 635 3242 ιι
663 3178 716 3258 qni
739 3177 850 3242 ltaliae
878 3176 982 3240 felices
1005 3176 1144 3259 regiones
1168 3177 1324 3255 incoleret,

223 3279 259 3341 ut
281 3278 392 3342 barum
414 3278 631 3360 quaestionum
653 3279 768 3342 librum
790 3278 923 3361 primum
947 3277 984 3341 de
1006 3278 1158 3360 grandine
1178 3279 1325 3343 institue-

223 3379 280 3442 ret.
312 3378 464 3442 Graviora
485 3379 606 3458 praesto
629 3378 711 3441 sunt.
745 3378 868 3441 lltenim
891 3377 983 3442 sicuti
1008 3378 1117 3442 Haasii
1139 3377 1227 3442 illam
1244 3371 1326 3440 ὑπό-

227 3482 322 3542 θεσιν
344 3479 448 3542 eodem
465 3478 525 3541 fene
547 3479 684 3560 tempore
706 3478 800 3559 atque
818 3499 861 3554 ea,
885 3498 963 3561 quae
985 3478 1126 3542 lonasius
1147 3499 1175 3560 p.
1191 3479 1231 3542 58
1253 3498 1326 3542 oon-

222 3581 272 3644 tra
294 3579 384 3642 illum
406 3578 586 3642 dubitanter
607 3578 748 3659 protulit,
767 3579 831 3660 ipse
844 3597 1059 3662 cognoveram,
1082 3579 1129 3642 ita
1153 3597 1231 3660 quae
1253 3598 1326 3643 oon·

222 3681 319 3746 traria
348 3697 404 3762 ego
429 3679 583 3755 sentirem,
617 3677 689 3742 inde
713 3680 811 3759 primo
844 3679 981 3760 profecta
1010 3679 1092 3756 sunt,
1123 3679 1176 3743 ubi
1197 3679 1250 3744 ille
1278 3678 1325 3743 vir

224 3778 347 3862 egregie
369 3779 442 3844 doct
443 3797 479 3842 us
428 3778 582 3842 tfelici
597 3779 714 3860 impetu
735 3781 885 3860 coeperat,
908 3799 977 3843 mox
1004 3781 1110 3842 tannen
1130 3779 1212 3844 inter
1235 3779 1327 3844 initia

222 3880 363 3944 desierat.
408 3880 503 3944 lneo
527 3879 615 3957 libro,
639 3879 692 3961 qui
713 3880 746 3942 ιιι
767 3879 840 3944 edit.
867 3879 1042 3958 secundam,
1067 3899 1102 3944 ιι
1124 3880 1235 3945 Haasii
1257 3900 1326 3945 sen·

221 3980 321 4045 tentia
357 3981 506 4045 sertam
542 3980 645 4044 sedem
675 3980 803 4058 obtinet,
836 3981 935 4044 oannis
956 3981 993 4044 de
1020 3981 1162 4046 universo
1185 3983 1324 4063 quaestio

220 4079 252 4144 in
274 4081 337 4145 tres
359 4082 470 4163 partes,
494 4080 638 4146 caelestia
651 4081 796 4147 sublimia
811 4084 942 4161 terrena,
967 4083 1128 4147 dividitur.
1172 4083 1218 4146 De
1239 4083 1323 4148 terra

221 4199 315 4264 quam
334 4181 546 4263 quaestionem
569 4182 695 4246 acturus
709 4182 758 4259 sit,
782 4202 850 4247 eam
875 4182 939 4264 §.4
961 4184 1083 4266 exponit
1105 4201 1159 4248 cur
1174 4201 1236 4247 non
1258 4183 1323 4247 ter-

219 4281 284 4352 tiae
294 4283 376 4372 parti
393 4302 515 4353 omnem
526 4283 676 4352 ascribat:
692 4277 835 4370 ‘Propria
854 4284 977 4372 quidem
989 4285 1098 4363 terrae,
1122 4285 1235 4371 inquit,
1252 4336 1258 4352 .
1275 4334 1322 4358 ..,
