3194 5030
805 415 845 477 lo

373 613 432 679 Sed
448 614 596 680 facillime
610 616 808 680 restituemus
823 616 962 700 egregia:
975 617 1146 700 ‘ingenium
1157 618 1375 702 dignissimum

279 716 362 798 quod
396 716 563 780 consectari
590 717 699 781 malles
728 735 822 798 quam
850 718 1005 782 00010011.
1051 717 1171 783 Dixeris
1204 719 1280 784 haec
1305 720 1372 802 ipsa

278 815 395 880 tradita
422 835 500 880 esse:
530 817 605 880 adeo
626 817 706 882 nihil
739 818 897 882 mutatum
923 820 977 882 est.
1032 817 1178 882 Gontrreri
1202 836 1373 903 congruum

277 917 323 980 est
359 916 406 979 illi
447 915 610 998 ‘suspicere
651 916 804 998 coepisti'3
841 917 1010 982 ccrrsectari
1044 917 1145 1000 (vetus
1181 921 1372 985 coniectura:

277 1035 305 1082 1.
328 1017 394 1082 cod.
415 1017 451 1080 P.
474 1016 518 1097 4.)
538 1016 620 1098 apud
642 1015 819 1080 Ciceronem
839 1035 959 1099 quoque
980 1019 1026 1083 est
1047 1019 1199 1084 imitando
1219 1022 1372 1104 consequi.

278 1115 323 1183 (if.
341 1117 359 1198 §
376 1119 429 1182 13:
451 1117 491 1182 ad
513 1117 570 1181 hoc
591 1117 746 1198 exemplar
768 1135 957 1199 componere.
972 1155 1013 1163 -
1028 1120 1065 1184 ln
1087 1121 1129 1184 eis
1145 1139 1223 1202 quae
1240 1139 1374 1204 sequun-

277 1219 337 1297 tur,
370 1219 489 1282 nummi
522 1217 605 1282 haud
632 1217 694 1281 scio
723 1237 763 1281 an
790 1217 972 1283 defendendi
993 1219 1065 1297 sint,
1102 1219 1170 1285 coll.
1194 1239 1239 1302 ep.
1265 1222 1313 1299 17,
1336 1223 1371 1284 5:

276 1318 444 1401 frugalitas
477 1318 523 1382 est
550 1318 713 1399 paupertas
739 1319 917 1382 voluntaria
944 1337 1011 1401 sqq.
1065 1320 1195 1384 Nummi
1216 1321 1296 1402 quod
1319 1338 1373 1402 pro

277 1419 385 1501 opibus
415 1419 463 1484 vel
484 1418 602 1482 divitiis
623 1417 786 1496 dicuntur,
816 1419 895 1483 nolis
917 1419 1039 1484 mirari:
1073 1419 1182 1503 quidni
1207 1421 1290 1485 hunc
1310 1420 1374 1484 eius

276 1521 361 1585 vocis
390 1538 480 1583 usum
511 1519 638 1583 Horatii
674 1519 772 1584 nobili
800 1520 935 1600 exemplo
964 1519 1085 1599 (virtus
1114 1521 1183 1602 post
1207 1520 1373 1601 nummos’)

278 1620 490 1685 consecratum
523 1619 750 1683 existimomus?
794 1620 930 1684 Haasius
957 1639 1033 1702 quos
1062 1621 1248 1685 subst’tuere
1273 1619 1374 1684 voluit

276 1741 371 1786 accos
400 1740 513 1798 murce,
547 1739 597 1784 eos
628 1722 655 1784 si
688 1741 744 1786 neo
772 1723 916 1787 habuerit
941 1722 1043 1788 Gallio
1076 1743 1131 1788 neo
1169 1722 1373 1798 damnaverit,

277 1839 387 1903 parum
406 1819 508 1884 laudis
531 1819 653 1884 videtur
675 1839 799 1886 merere.
844 1821 987 1886 Ceterum
1008 1824 1094 1888 amat
1116 1823 1241 1906 quidem
1262 1821 1375 1887 Seneca

277 1921 449 2004 transigere
477 1919 559 1984 inter·
588 1919 714 1985 divitias
748 1922 779 1985 et
813 1923 1013 2004 sapientiam,
1053 1923 1092 1987 cf.
1116 1923 1153 1988 de
1181 1922 1374 2000 1110110010,

277 2023 497 2105 0111121-23,

362 2125 401 2189 N.
425 2124 482 2204 Qu.
505 2125 531 2203 Ι,
559 2125 579 2186 3
611 2121 672 2208 §.4
693 2124 772 2188 med.
830 2126 1012 2206 Importuna
1047 2125 1102 2190 illa
1133 2127 1226 2191 verba
1251 2124 1298 2189 ‘ut
1330 2124 1376 2189 ait

280 2227 377 2308 poeta‘
400 2226 504 2307 spuria
535 2225 609 2289 sunt
630 2224 758 2306 ideoque
780 2225 938 2290 elicienda.
982 2226 1113 2290 Nullum
1133 2226 1247 2291 habent
1267 2226 1375 2307 aptum

274 2344 378 2408 'neque
401 2327 433 2389 in
458 2326 621 2390 enuntiato
642 2344 740 2406 neque
759 2326 792 2388 in
813 2326 965 2390 sententio
986 2327 1098 2391 locum.

379 2524 550 2608 Appendix.
573 2559 613 2569 -
636 2524 777 2605 Quama
811 2545 843 2589 re
874 2544 943 2590 mea
975 2525 1107 2590 alienam
1141 2543 1205 2589 esse
1236 2523 1377 2588 volebam

274 2627 492 2710 ¹quaestionem
525 2625 563 2689 de
593 2624 787 2705 dialogorum
819 2628 973 2708 1011111010,
1013 2645 1081 2691 earn
1114 2625 1150 2689 de
1181 2643 1241 2690 uno
1272 2627 1377 2688 tanren

281 2747 375 2812 cogor
396 2727 558 2808 suscipere,
581 2725 662 2808 quod
684 2726 755 2789 hinc
777 2728 910 2791 maxime
936 2727 1076 2809 apertum
1099 2727 1158 2791 erit
1179 2726 1293 2791 falsum
1314 2743 1377 2788 esse

279 2829 447 2905 1010011111,
469 2845 539 2889 omn
559 2825 711 2889 Demetrii
723 2824 829 2907 Cynici
852 2827 1142 2891 commemoratione
1164 2825 1378 2890 admotorum

279 2930 405 2994 illorum
428 2945 553 3009 operum
577 2924 715 3006 tempora
748 2925 919 2990 definienda
952 2926 1197 3008 argumentando
1229 2925 1378 2990 uteretur.

279 3030 449 3112 Dialogum
481 3027 519 3091 de
549 3026 616 3090 vita
647 3027 739 3090 beata
774 3027 813 3090 ad
834 3025 1007 3091 Gallionem
1038 3027 1152 3092 Seneca
1185 3047 1219 3091 00
1251 3025 1378 3090 consilio

280 3130 411 3212 scripsit,
432 3131 468 3193 ut
487 3129 632 3193 adversus
656 3126 879 3191 obtrectatores
902 3128 985 3192 vitae
1006 3146 1079 3192 suae
1100 3129 1252 3193 rationem
1274 3127 1378 3192 defen-

280 3232 374 3296 deret.
419 3230 629 3311 Comperimus
660 3227 783 3309 quidem
806 3248 822 3291 e
844 3228 916 3292 Tac.
949 3229 1031 3292 Ann.
1055 3229 1214 3307 1111142,
1236 3229 1272 3293 Ρ.
1296 3229 1379 3312 Suil-

280 3331 470 3396 1111111058
504 3328 702 3392 infestissime
736 3347 804 3392 curn
838 3329 1023 3409 increpuisse
1052 3349 1087 3394 au
1119 3330 1266 3394 scelerum
1295 3329 1379 3393 omni

280 3449 390 3515 genere
423 3449 533 3494 nomen
564 3430 628 3493 eius
660 3429 846 3510 inquinasse.
889 3428 949 3492 Dio
982 3447 1103 3510 quoque
1136 3431 1185 3507 61,
1210 3431 1248 3492 10
1278 3429 1379 3493 multa

281 3533 453 3615 opprobria,
486 3532 554 3594 turn
587 3530 733 3611 temporis
756 3530 872 3593 Romae
904 3529 1051 3593 adversus
1073 3529 1220 3594 Senecam
1252 3529 1378 3605 1001010,

281 3635 449 3698 enumerat.
506 3632 652 3696 Suillium
686 3630 809 3712 quidem
842 3631 952 3695 acerba
983 3649 1078 3712 poena
1110 3649 1179 3694 reus
1212 3629 1379 3712 castigavit

283 3737 369 3819 (Tac.
392 3735 481 3812 Xlll,
504 3734 576 3815 43);
598 3733 743 3796 credibile
765 3734 870 3796 tarnen
888 3751 957 3796 eum
979 3751 1103 3814 operam
1124 3731 1251 3809 dedisse,
1275 3730 1311 3793 nt
1331 3730 1380 3793 in-

281 3836 398 3902 vidiam
420 3854 540 3918 quoque
563 3835 651 3899 illam
665 3833 796 3915 ,publica
818 3834 991 3898 defensione
1013 3833 1173 3898 averteret.
1217 3831 1254 3895 In
1275 3829 1379 3895 libello

280 3938 345 4015 1110,
368 3935 502 4001 maximo
524 3955 570 4017 cp.
586 3935 689 4013 xvir,
713 3935 841 3999 adtalia
863 3934 976 3998 Seneca
992 3934 1168 4015 respondet;
1190 3933 1235 3996 ita
1256 3929 1380 4013 quidem

281 4039 326 4117 ut,
348 4029 407 4102 'etsi
419 4035 591 4119 philosophi
614 4033 777 4098 cuiuslibet
790 4033 925 4098 defensio
948 4035 1000 4118 agi
1010 4033 1140 4112 uidetur,
1163 4034 1265 4114 ipsum
1275 4033 1380 4096 tamen

282 4158 345 4203 sese
364 4138 512 4220 respicere
534 4136 661 4200 eluceat.
706 4135 791 4215 Quae
812 4135 1000 4216 philosophis
1023 4135 1185 4217 opprobria
1207 4131 1272 4196 fieri
1294 4131 1380 4208 dicit,

281 4257 386 4304 eorum
409 4255 524 4319 magna
544 4255 614 4318 pars
636 4237 703 4317 ipsa
725 4234 780 4298 illa
800 4235 901 4310 verba,
936 4253 1014 4316 quae
1036 4233 1117 4316 apud
1140 4233 1285 4298 Tacitum
1306 4232 1382 4296 Dio-

282 4359 412 4422 nemquc
440 4338 596 4421 leguntur,
629 4337 775 4401 referunt.
818 4336 919 4416 erare
940 4335 1062 4417 Lipsius
1095 4337 1211 4418 primus
1233 4335 1272 4400 ad
1302 4335 1381 4398 hanc
