3194 5030
222 546 339 612 medias
359 546 392 610 in
414 565 463 612 res
484 547 617 629 scriptor
637 549 803 630 perrexisse
834 549 989 632 putandus
1011 552 1066 628 est,
1098 567 1194 632 acque
1225 551 1319 632 atque

219 646 250 710 in
266 646 346 711 libro
359 646 469 729 quunto
486 647 509 729 ¹)
525 646 607 725 fecit,
631 666 722 729 quem
733 649 781 713 his
796 649 921 730 incipit:
940 648 1062 714 ‘ventus
1083 651 1129 714 est
1140 649 1237 714 fluens
1249 651 1317 715 aer.²

298 745 433 828 Prologo
445 746 502 824 illi,
525 766 615 828 quem
632 749 800 830 principem
816 750 954 814 omnium
964 769 1027 814 esse
1049 768 1141 831 supra
1155 749 1319 814 confirma·

217 845 328 923 vimus,
351 845 455 928 eisque
470 863 548 928 quae
570 845 607 910 le
619 848 761 913 universo
783 851 941 931 praefatur
956 849 1008 931 (cf.
1033 849 1060 930 fi.
1079 849 1141 932 15),
1160 849 1319 930 aptissime

216 945 346 1027 adiungi
368 945 513 1009 videntur
535 966 570 1010 ea
591 965 670 1027 quae
691 950 812 1014 suntin
833 951 936 1015 fronte
951 951 1024 1015 libri
1046 949 1186 1014 secundi:
1207 947 1319 1013 ‘omnis

217 1047 254 1110 ue
285 1045 427 1109 universo
462 1047 609 1127 quaestio‘
639 1050 717 1122 cet.;
753 1069 892 1133 quaeque
924 1051 957 1114 in
991 1051 1050 1114 fine
1080 1068 1126 1131 cp.
1149 1048 1241 1130 primi
1263 1051 1318 1130 (II,

220 1149 246 1224 1,
269 1146 301 1229 5)
324 1146 406 1224 sunt,
437 1147 490 1224 eis,
520 1147 579 1211 nisi
600 1149 722 1231 egregie
743 1149 844 1228 lallor,
876 1151 915 1215 ad
933 1152 988 1216 illa
1011 1150 1146 1232 respicit,
1181 1170 1260 1232 quae
1281 1151 1319 1215 de

217 1248 319 1312 mente
340 1247 476 1312 humana
497 1246 530 1310 in
552 1247 680 1330 prologo
703 1247 780 1330 (bl
803 1253 834 1315 ct
859 1252 909 1333 17)
933 1252 1050 1316 similia
1066 1251 1195 1316 dixerat.
1238 1251 1318 1316 Dein

217 1365 296 1430 quae
317 1349 498 1429 sequuntur,
531 1347 642 1430 quibus
665 1341 876 1431 quaestionem
899 1351 936 1416 de
958 1371 1026 1416 acre
1049 1371 1080 1416 se
1102 1352 1318 1433 praesumptu·

216 1468 286 1513 rum
307 1447 471 1530 profitetur
492 1447 547 1528 (Π,
570 1449 599 1526 2,
625 1449 666 1530 l),
688 1451 730 1514 eis
752 1450 843 1516 huius
854 1452 928 1516 libri
949 1453 1158 1535 principatum
1169 1453 1319 1518 Koelerus

217 1566 339 1632 quoque
360 1548 440 1613 uidit
463 1548 511 1613 vel
533 1549 666 1614 maxime
680 1550 810 1617 defendi.
855 1552 995 1634 Denique
1016 1553 1087 1617 huic
1109 1553 1210 1617 ordini
1231 1573 1319 1618 ano-

215 1655 405 1719 bisstatuto
428 1652 516 1716 unice
538 1651 724 1716 conveniunt
747 1654 811 1732 illa,
834 1673 912 1736 qnae
930 1654 1020 1718 initio
1041 1654 1114 1718 libri
1136 1654 1211 1718 olim
1232 1655 1318 1718 tertii

217 1773 299 1818 nunc
319 1752 445 1817 secundi
466 1753 626 1835 leguntur:
653 1751 725 1817 ‘non
754 1754 902 1835 praeterit
933 1773 981 1817 me
1015 1772 1109 1835 quam
1131 1773 1316 1836 magnarum

217 1870 322 1916 rerum
343 1851 545 1917 fundamenta
567 1870 678 1933 ponam
702 1854 808 1916 senen.²

309 1954 377 2018 Iam
400 1953 599 2035 verorogati,
622 1953 775 2034 quomodo
797 1953 990 2018 factumesse
1011 1954 1164 2033 videatur,
1186 1956 1221 2020 ut
1242 1955 1321 2020 liber·

218 2055 345 2120 octavus
372 2054 405 2116 in
434 2052 602 2134 principem
624 2053 727 2117 locum
758 2052 992 2135 praeciperetur,
1028 2054 1111 2136 quod
1132 2055 1316 2119 sententiam

217 2155 290 2219 dare
312 2154 477 2219 aurdemus:
500 2172 561 2217 uon
583 2171 722 2217 ueremur
744 2173 781 2216 uc
804 2153 872 2234 quis
895 2154 1045 2218 maiorem
1077 2173 1133 2218 nos
1154 2155 1246 2219 fidem
1268 2156 1316 2218 in-

217 2255 317 2319 ventis
339 2255 453 2318 nostris
467 2273 613 2336 arrogare
634 2254 812 2332 arbitretur,
836 2273 930 2335 quam
944 2254 981 2318 de
1002 2255 1118 2319 talibus
1140 2256 1230 2320 robure
1245 2275 1318 2321 con-

215 2355 351 2419 iecturae
387 2354 505 2436 possint
538 2353 645 2434 utique
682 2353 835 2434 consequi.
878 2353 1044 2418 Probabile
1076 2374 1149 2420 saue
1182 2356 1315 2435 videtur,

217 2473 296 2544 erum,
318 2454 426 2536 quiin
448 2472 538 2518 suum
560 2472 650 2517 usum
667 2452 892 2534 antiquissimis
915 2453 1105 2534 temporibus
1117 2455 1191 2520 Nat.
1217 2455 1317 2536 Quae-

217 2555 331 2619 stiones
353 2554 546 2632 describeret,
571 2572 641 2616 cum
663 2572 724 2617 uno
747 2553 910 2634 conspectu
933 2553 1034 2636 legere
1056 2554 1149 2619 vellet
1182 2575 1318 2638 eaquae

216 2655 296 2720 libro
318 2655 396 2720 VIII
424 2655 462 2719 de
498 2654 623 2736 ignibus
653 2653 886 2736 fulgoribusque
919 2654 1063 2718 aetheriIs
1096 2656 1127 2719 et
1159 2655 1317 2736 primodo

216 2755 392 2838 fulguribus
425 2755 667 2837 fluminibusque
689 2753 895 2831 traderentur,
928 2754 1062 2818 alterum
1090 2756 1181 2820 alteri
1210 2756 1318 2820 admo·

218 2857 306 2922 visse.
350 2856 458 2920 Fuisse
480 2875 586 2920 revera
608 2855 686 2918 tales
707 2854 927 2919 traiectionum
954 2873 1062 2918 causas
1084 2855 1192 2937 patelit
1213 2875 1229 2920 e
1252 2855 1317 2920 cod.

217 2955 450 3038 Bambergensi,
472 2955 511 3019 cf.
533 2955 666 3019 Fickert.
690 2957 748 3034 III,
771 2955 866 3037 prael.
888 2975 918 3037 p.
934 2955 988 3019 VI.
1012 2973 1040 3019 v.
1059 2957 1106 3019 14.

317 3056 448 3120 Secutus
480 3055 579 3138 igitur·
610 3059 656 3120 est
688 3058 757 3137 post
787 3057 951 3138 prologum
985 3057 1065 3121 liber·
1086 3057 1129 3133 Il,
1166 3057 1236 3121 dein
1257 3057 1317 3120 III.

219 3153 410 3236 Colligamus
430 3173 509 3235 quae
531 3154 567 3218 cle
588 3156 716 3237 reliquis
737 3156 882 3220 sciamus.
927 3156 1052 3221 Sextum
1081 3157 1150 3237 post
1173 3155 1317 3238 quintum

217 3273 281 3319 esso
304 3255 453 3336 scriptum
477 3256 673 3338 cognoscitur
689 3257 809 3334 colcu,
829 3258 876 3334 14,
899 3258 937 3331 4;
961 3258 1015 3335 Vl,
1040 3258 1066 3334 l,
1088 3259 1125 3332 33
1147 3258 1201 3333 VI,
1225 3259 1274 3333 23,
1297 3259 1317 3320 4

218 3352 332 3432 (Ionas.
353 3374 381 3436 p.
394 3355 459 3438 59).
502 3355 675 3437 SeptImum
696 3359 779 3422 sento
811 3357 1012 3439 posteriorem
1034 3377 1106 3435 csse,
1141 3358 1246 3440 aliquo
1267 3358 1317 3420 in-

216 3453 297 3518 dicio
319 3454 459 3520 uidemur
482 3475 537 3520 nos
559 3457 683 3539 quidem
714 3458 842 3539 probare
866 3476 961 3540 posse.
1005 3458 1128 3522 Etenim
1157 3477 1228 3522 cum
1248 3477 1316 3522 sae-

217 3555 286 3636 pius
310 3555 343 3618 in
366 3555 498 3638 utroquo
519 3556 643 3622 Helices
665 3559 696 3622 et
716 3558 842 3622 Buridis
865 3559 1003 3623 recurrat
1024 3558 1140 3623 mentio
1167 3561 1197 3622 et
1221 3557 1317 3623 Calli-

217 3655 334 3719 sthenis
368 3657 461 3721 verba
493 3658 613 3739 saepius
646 3661 941 3736 commemorentur,
976 3659 1223 3741 primoquidem
1249 3660 1317 3723 loco

217 3756 272 3832 Vl,
296 3757 346 3833 23,
368 3757 388 3819 4
412 3757 546 3839 amplius
565 3759 602 3823 de
624 3778 658 3824 eo
682 3759 804 3824 disserit
833 3757 1052 3827 ‘Callisthenes
1071 3761 1106 3824 io
1130 3759 1229 3838 libris,
1250 3761 1318 3842 pui-

319 3997 345 4062 i)
363 3994 453 4048 Nimis
481 3993 615 4048 aurdacter
633 3993 751 4048 Hessius
777 3993 865 4063 praef.
884 4012 910 4063 p.
924 3993 961 4048 IV
981 3995 1063 4049 huius
1084 3996 1150 4050 libri
1170 3996 1317 4067 praelatio·

216 4099 280 4135 nem
298 4082 426 4136 amissam
443 4081 556 4149 statuit,
573 4083 658 4135 immo
676 4087 719 4136 sat
739 4082 833 4137 multis
853 4083 921 4136 locis
942 4083 1002 4136 eius
1017 4084 1036 4138 l.
1054 4083 1090 4138 ad
1108 4085 1241 4139 virtutem
1259 4103 1315 4139 mo-

217 4185 315 4236 resque
335 4169 518 4239 simpliciores
545 4171 779 4226 commendandos
802 4171 944 4241 digressus
967 4172 1021 4240 (cp.
1043 4173 1075 4224 15
1093 4176 1122 4226 et
1140 4175 1184 4244 18)
1211 4172 1315 4227 Seneca

217 4255 331 4324 proprio
350 4258 492 4326 prooemio
511 4275 565 4312 non
587 4259 675 4327 eguit.
