3194 5030
755 366 792 428 13

216 550 296 618 serte
318 550 384 632 ipse
406 549 446 626 Π,
473 548 499 625 1,
523 548 542 610 3
563 539 742 630 μετεώροις
764 545 924 624 adscribit,
951 545 1130 628 praecedere
1147 545 1233 610 illam
1260 546 1323 610 dis·

221 649 404 732 positionem
426 646 611 712 monendum
635 649 689 711 cst.
734 647 802 712 Hoc
834 646 932 728 igitur
955 645 1078 710 ridetur
1108 647 1227 710 certum
1250 665 1323 722 esse,

220 768 373 814 summam
396 765 499 812 rerum
522 765 557 812 ao
587 747 743 812 rationum
775 745 960 811 discordiam
992 746 1051 810 isto
1074 745 1179 810 ordine
1202 746 1323 810 statuto

219 849 301 914 cieri.
323 888 363 898 -
387 847 481 912 Aliud
506 849 662 930 praeterea
685 847 790 911 futura
812 845 967 910 illauerbi
990 847 1128 927 tempora
1150 847 1238 912 nobis
1255 866 1322 929 per-

219 949 361 1027 suadent,
391 967 455 1013 esse
476 948 564 1014 illam
587 946 770 1012 divisionem
801 945 950 1010 materiae
981 946 1170 1027 scriptori
1192 965 1322 1030 01000-

219 1051 332 1114 sitae.
377 1049 564 1114 Ditieramus
585 1067 667 1112 nunc
687 1065 842 1130 quaerere,
865 1063 940 1109 num
960 1045 1063 1110 omnia
1086 1046 1229 1112 11101000
1253 1067 1323 1130 010-

222 1149 316 1215 missa
340 1149 610 1231 10100011000111ς
635 1168 730 1214 rurum
753 1151 923 1226 teneamus,
950 1150 1018 1213 tum
1042 1168 1112 1214 curn
1134 1148 1189 1213 illa
1211 1149 1324 1213 scribe-

220 1251 276 1329 ret,
298 1270 332 1315 eo
355 1249 483 1315 consilio
504 1250 619 1328 fecisse,
643 1251 678 1312 ut
698 1269 799 1313 rerum
823 1249 898 1315 sibi
919 1250 1154 1314 tractandarum
1176 1249 1323 1313 1100010-

220 1353 375 1417 scriberet.
421 1350 474 1434 Cp.
490 1351 523 1414 11
546 1350 636 1414 initio
660 1369 738 1432 quae
762 1350 939 1414 communia
974 1369 1005 1414 se
1027 1368 1218 1432 praesumere
1245 1349 1323 1414 uelle

220 1453 306 1528 dicit,
340 1452 365 1516 si
389 1451 547 1534 quaeritur
569 1451 619 1515 cui
646 1451 688 1515 rei
720 1452 973 1532 praesumpturus
995 1451 1046 1526 sit,
1079 1449 1321 1532 respondendum

221 1553 297 1617 item
319 1553 394 1618 erit:
425 1551 452 1616 ei
473 1551 686 1632 disputationi,
711 1569 772 1632 qua
794 1550 934 1633 singulas
963 1551 1065 1632 partes
1093 1569 1185 1632 supra
1208 1551 1323 1614 consti-

222 1654 308 1718 tutas
330 1653 544 1736 persecuturus
566 1651 616 1729 sit,
652 1651 671 1716 i.
695 1671 719 1715 e.
743 1650 871 1732 reliquis
898 1650 989 1738 libris
1018 1651 1170 1716 omnibus.
1214 1653 1324 1733 ltaque

221 1753 455 1835 dispositionem
485 1751 572 1816 illam
608 1751 693 1816 nullo
723 1752 789 1816 loco
821 1751 880 1814 nisi
915 1752 1032 1833 primi
1056 1753 1077 1834 ¹)
1108 1754 1205 1817 libri
1234 1753 1323 1818 initio

220 1852 344 1916 institui
367 1853 503 1934 potuisse
518 1851 593 1915 milri
617 1870 670 1933 pro
695 1853 778 1914 certo
801 1852 857 1914 est.

321 1953 390 2016 Hoc
419 1952 487 2017 loco
524 1951 680 2017 laudanda
714 1953 796 2028 stunt,
832 1952 923 2014 simul
959 1951 1173 2034 restringenda
1201 1952 1324 2018 Koeleri

223 2054 281 2118 hac
304 2053 341 2117 de
363 2052 540 2135 quaestione
573 2051 693 2116 merita.
737 2053 768 2115 ls
801 2051 884 2114 enim
915 2051 1031 2132 primus
1056 2051 1143 2130 vidit,
1176 2052 1256 2118 libro
1278 2071 1325 2116 se·

224 2153 323 2217 crrndo
353 2173 420 2218 eam
454 2173 549 2235 quam
583 2171 637 2216 nos
662 2150 887 2216 vindicavimus
914 2150 1016 2214 sedem
1051 2150 1164 2215 deberi.
1208 2151 1323 2216 Tamen

224 2272 302 2336 quae
323 2256 353 2318 in
375 2253 601 2336 ‘disquisitione
620 2251 657 2316 de
679 2253 719 2316 N.
735 2252 801 2333 Qu.²
824 2252 883 2316 hac
898 2252 934 2316 de
956 2271 989 2316 re
1001 2252 1140 2334 protulit,
1164 2271 1199 2318 00
1222 2253 1325 2317 omnic

223 2355 320 2422 nimia
342 2353 548 2420 haesitatione
570 2354 663 2434 atque
687 2353 895 2417 inconstantia
921 2352 1074 2418 laborant.
1118 2353 1178 2435 Qui
1200 2353 1325 2436 quidem

225 2457 321 2540 p.252
345 2457 380 2519 nt
392 2454 590 2531 demonstret,
614 2453 758 2518 Senecam
784 2473 844 2517 non
859 2454 1001 2520 habuisse
1018 2454 1181 2519 consilium
1191 2456 1326 2539 systema

225 2557 362 2621 omnium
393 2554 584 2620 naturalium
616 2553 774 2632 condendi,
811 2573 866 2618 nec
898 2555 1038 2620 debuisse
1072 2575 1118 2620 res
1146 2574 1250 2620 omnes
1270 2555 1325 2620 illa

226 2656 426 2739 dispositione
449 2654 623 2736 propositas
645 2656 789 2733 tractare,
824 2674 948 2719 sarisam
978 2656 1074 2720 sumit
1102 2657 1202 2738 ipsum
1223 2655 1325 2720 locum

228 2756 404 2838 argumenti
437 2755 476 2818 N.
500 2755 557 2834 Qu.
591 2755 906 2836 praeposterum
936 2774 996 2838 quo
1014 2754 1124 2821 ‘obiter
1155 2776 1251 2837 neque
1272 2775 1326 2820 suo

202 2859 295 2922 Ι1000
318 2857 415 2922 allato
442 2875 473 2920 se
493 2855 552 2920 sibi
586 2856 736 2938 regulam,
767 2874 860 2938 quam
889 2857 921 2920 in
949 2857 1108 2922 scribendo
1140 2859 1327 2940 sequeretur,

226 2957 320 3038 figere
353 2957 487 3021 noluisse
509 2956 654 3021 Senecam
685 2956 839 3021 indicare'.
883 2957 998 3022 Postea
1021 2978 1091 3023 1010
1113 2979 1141 3040 p.
1157 2961 1218 3022 256
1240 2977 1328 3041 prae-

227 3058 337 3122 fationi
360 3057 432 3120 libri
454 3056 578 3120 secundi
601 3057 769 3138 primum
792 3057 894 3121 deberi
915 3058 1018 3122 locum
1045 3058 1130 3136 dicit,
1152 3059 1328 3140 librumque

226 3156 337 3238 ipsum,
372 3175 442 3220 crum
465 3157 504 3220 ab
527 3157 581 3221 illa
613 3156 719 3220 dirimi
741 3161 882 3239 nequeat,
919 3157 951 3220 in
973 3157 1103 3221 eundem
1135 3157 1327 3222 referendum

227 3276 300 3320 esse.
324 3293 362 3300 —
386 3257 471 3337 Quae
493 3256 563 3320 dein
586 3256 623 3320 de
646 3257 751 3321 ordine
771 3257 921 3322 librorum
944 3259 1065 3334 statuit,
1103 3257 1155 3321 isti
1178 3257 1327 3339 principio

228 3359 300 3422 sunt
334 3359 500 3423 contraria.
545 3359 613 3439 lpse
636 3359 717 3422 enim
751 3359 832 3440 quod
854 3360 946 3422 antea
977 3360 1059 3422 recte
1082 3359 1252 3440 abnegaret
1278 3378 1328 3441 sy-

228 3461 326 3523 stema
350 3457 479 3522 Senecae
499 3458 641 3535 intrudit,
665 3476 710 3534 00,
734 3461 825 3539 prout
846 3458 930 3535 libet,
961 3457 1098 3522 ordinem
1130 3457 1200 3522 inde
1223 3451 1330 3524 struit,

229 3560 280 3624 sic
303 3559 384 3622 enim
407 3559 553 3634 ordinat:¹
572 3560 610 3636 ll,
634 3560 658 3636 1,
683 3560 753 3636 Vll,
777 3558 847 3624 .th
871 3595 911 3605 ——
932 3560 969 3636 V,
994 3560 1050 3636 lll,
1074 3559 1141 3628 IV2.
1166 3559 1218 3636 Vl,
1235 3560 1330 3641 atque

230 3659 318 3725 addit
337 3658 395 3723 ‘ita
417 3660 597 3724 haberemus
609 3662 678 3724 octo
701 3660 740 3726 N.
754 3661 811 3742 Qu.
834 3661 938 3739 libros,
962 3679 1091 3742 quorum
1115 3661 1159 3725 lV
1173 3661 1328 3738 sublimia,

229 3763 274 3826 lV
297 3761 440 3827 terestria
461 3761 667 3826 tractassent.

329 3863 374 3926 At
395 3881 492 3944 neque
515 3881 568 3925 cur
589 3861 703 3925 librum
727 3862 788 3926 Vll
810 3862 841 3924 et
863 3862 877 3924 1
900 3879 960 3926 non
976 3860 1016 3926 ad
1039 3859 1184 3926 caelestia
1206 3859 1327 3936 referat,

231 3981 327 4042 neque
349 3962 481 4026 alterum
497 3961 693 4042 intelligitur,
717 3980 770 4024 cur
793 3963 960 4044 neglexerit
982 3961 1013 4025 id
1029 3961 1111 4043 quod
1130 3961 1162 4024 in
1185 3961 1328 4042 promptu

310 4101 427 4108 ...ω-ᾑ-

332 4181 358 4250 1)
377 4179 443 4247 Quis
462 4183 554 4233 autem
578 4183 621 4232 est
640 4178 705 4248 quin
734 4179 868 4232 memoria
886 4181 1028 4248 comparet
1055 4178 1102 4231 1110
1121 4177 1184 4230 Iulii
1203 4176 1329 4230 Caesaris

231 4267 379 4324 decantata
399 4269 492 4338 pueris
509 4268 593 4326 verba
616 4269 645 4322 B.
666 4267 733 4322 Gall.
754 4269 773 4330 l,
798 4269 830 4320 l?
