3194 5030
820 399 862 463 50

298 603 367 649 rum
403 587 560 651 serutatur
586 582 925 668 indegermanioarum;
962 582 1120 665 Birlinger
1145 577 1396 664 Bohtz.'germa·

296 684 372 759 nioi3
422 685 577 751 Bertheau
618 684 860 751 Ehrenfeuehter
911 683 1135 764 Kamphansen
1178 682 1396 764 Wagenmann

294 784 442 868 theologi.
484 785 546 850 Per
568 805 618 851 sex
640 804 758 850 menses
781 783 938 852 Sohaeieri
966 783 1111 847 constans
1133 800 1207 865 erga
1233 799 1283 845 me
1304 781 1396 846 bene·

297 884 434 950 volentia
456 885 532 950 tulit
552 905 602 950 me
636 886 718 950 inter
743 884 883 950 historici
913 885 961 948 sui
983 881 1198 965 proseminarii
1219 881 1395 963 distipulos.

299 985 440 1067 Denique
463 987 498 1050 ut
512 987 785 1052 exercitationibus
806 985 870 1050 suis
891 986 1069 1051 interessem
1088 982 1302 1048 liberalissime
1324 1000 1397 1046 oon·

302 1085 472 1150 cesserunt:
501 1086 707 1169 epigraphiois
728 1085 906 1163 Buecheler,
928 1083 1124 1149 Aristoteleis
1147 1084 1298 1166 Bernays3
1324 1100 1399 1146 eon·

303 1184 417 1249 cedunt
439 1204 521 1249 nuno
536 1203 657 1268 quoque
672 1185 840 1250 Buecheler
862 1185 897 1249 ut
911 1183 1051 1249 intersim
1068 1182 1179 1248 scholis
1193 1181 1397 1265 philologieis,

242 1323 246 1334 »
297 1285 328 1350 J.
350 1285 387 1348 B.
410 1285 515 1368 Meyer
541 1285 593 1363 eis,
630 1304 707 1368 ques
734 1285 772 1350 de
804 1283 1000 1367 philosophia
1031 1284 1062 1348 et
1092 1283 1160 1347 arte
1185 1280 1396 1364 paedagogica

296 1380 445 1448 instituit.
469 1385 552 1466 Quos
574 1385 657 1450 viros
679 1403 783 1450 omnes
805 1383 920 1466 optime
941 1383 979 1448 de
999 1401 1049 1447 me
1070 1383 1197 1448 meritos
1219 1399 1283 1446 esse
1305 1380 1396 1463 grato

296 1484 400 1548 animo
415 1503 533 1567 semper
547 1485 722 1567 profitebor.
749 1484 830 1550 Sunt
844 1484 959 1562 tamen,
983 1484 1036 1567 qni
1057 1483 1179 1565 praeter
1201 1482 1316 1547 eeteros
1331 1480 1397 1545 veri

297 1585 508 1667 cognitionem
529 1586 560 1650 et
582 1584 729 1649 seientiae
750 1584 835 1649 viam
867 1584 1057 1666 aperuerint:
1090 1581 1190 1646 Lotzii
1217 1581 1248 1645 et
1269 1579 1395 1664 Moysi,

297 1682 477 1747 Buecheleri
500 1675 628 1766 Sauppii
656 1677 785 1748 Useneri
808 1683 967 1748 serissima
989 1677 1066 1747 mihi
1094 1699 1212 1762 semper
1230 1681 1321 1744 erunt
1340 1697 1396 1742 no-

297 1783 382 1848 mina
403 1785 434 1848 et
456 1783 621 1866 praecipua
644 1803 715 1848 oum
736 1783 932 1849 veneratione
954 1783 1092 1849 oolenda.
1227 1830 1234 1841 .
