3194 5030
834 393 874 455 24

296 576 378 658 apud
400 577 565 642 Boethium
590 579 620 642 et
633 576 849 642 Cassiodorum
874 577 1051 657 (11Η1111,
1074 579 1167 660 frgm.
1182 579 1269 654 VIII,
1286 598 1315 659 p.
1327 579 1398 644 420.

299 711 334 722 -
359 677 480 742 111111.
515 678 590 742 bibl.
619 679 807 754 Δ11111111,
840 678 912 760 123)
941 678 1019 741 11111·
1047 677 1178 742 Senecae
1210 680 1400 743 1111111111

295 777 424 859 ignotus
455 778 504 841 his
535 778 748 862 significatur:
781 777 928 841 ‘Mundus
953 779 1026 860 ipse,
1055 780 1092 841 ut
1127 779 1253 860 quidam
1282 779 1399 856 dicunt,

296 878 455 960 sphaerica
477 878 576 942 fertur
597 878 790 943 rotunditate
812 879 969 956 collectus,
993 880 1029 942 ut
1051 879 1187 944 diversas
1210 899 1314 944 rerum
1337 882 1400 944 ior-

296 997 363 1042 mas
388 979 524 1043 ambitus
552 981 601 1043 sui
622 977 803 1043 circuitione
833 979 1038 1044 concluderet.
1083 979 1171 1044 Unde
1207 980 1323 1045 librum
1347 980 1400 1045 Se-

297 1097 371 1143 neca
394 1079 598 1144 consentanea
622 1078 812 1161 philosophis
835 1079 1046 1160 disputatione
1068 1080 1224 1158 formavit,
1249 1083 1299 1145 cui
1322 1083 1401 1146 titu-

295 1181 345 1244 lus
367 1181 428 1244 est:
449 1178 497 1244 ‘de
518 1181 619 1244 forma
642 1180 769 1257 mundi,
803 1199 893 1261 quem
917 1180 1002 1245 uobis
1023 1180 1101 1244 item
1130 1181 1311 1263 reliquimus
1333 1201 1402 1263 per-

195 1363 199 1372 ,
296 1269 482 1362 legendum'
523 1280 584 1343 Hic
606 1281 683 1345 liber
714 1281 901 1345 Annaeanus
935 1279 1017 1344 haud
1046 1280 1109 1344 scio
1139 1300 1178 1344 an
1201 1300 1235 1345 ea
1263 1281 1402 1363 perficiat

296 1383 367 1459 fere,
391 1382 525 1463 quaein
543 1381 584 1444 N.
609 1381 666 1462 Qu.
698 1400 786 1463 opere
819 1401 912 1464 aegre
938 1379 1161 1445 desiderantur.
1204 1380 1402 1456 Audaciusne

298 1483 440 1547 videmur
462 1482 653 1559 concludere,
675 1483 733 1546 hoc
755 1502 820 1546 esse
839 1483 966 1546 maioris
988 1482 1061 1545 olim
1085 1482 1184 1564 operis
1197 1483 1286 1564 quasi
1305 1482 1402 1565 quod·

297 1584 370 1647 dam
391 1571 692 1664 circooaocpdatov?
735 1583 946 1648 Ratiocinatio
969 1582 1015 1647 est
1038 1583 1275 1664 simplicissima.
1319 1583 1403 1648 Seri·

297 1684 393 1766 psisse
415 1683 562 1748 Senecam
584 1703 654 1747 eum
675 1685 791 1747 librum
822 1683 891 1764 quis
913 1682 1028 1747 audeat
1053 1682 1207 1747 infitiari?
1250 1684 1317 1747 Aut
1341 1684 1402 1766 igi-

297 1785 349 1847 tur
371 1785 462 1848 antea
485 1784 609 1866 scripsit
630 1785 686 1848 aut
708 1785 872 1866 postquam
884 1783 947 1847 isto
970 1783 1112 1859 moholi,
1139 1785 1154 1846 1
1178 1785 1281 1865 partes
1307 1803 1402 1866 argu·

297 1887 463 1966 menteque
486 1904 589 1966 rerum
602 1885 661 1948 sibi
682 1884 919 1949 tractandarum
932 1883 1104 1947 constituit.
1149 1885 1248 1966 Atqui
1270 1885 1295 1948 si
1310 1887 1403 1949 antea

298 1987 450 2068 scriptum
471 1985 639 2063 habuisset,
663 1986 713 2049 vix
735 1986 869 2066 reperias
891 2004 999 2048 sanam
1028 1986 1190 2062 rationem,
1214 2004 1268 2049 our
1289 1987 1401 2050 iterum

298 2108 330 2151 se
350 2106 415 2152 rem
440 2085 569 2150 eandem
590 2087 836 2152 retractatorum
858 2086 1042 2167 promiserit.

399 2189 507 2271 Neque
528 2189 560 2253 id
582 2189 659 2252 mihi
681 2188 890 2253 dubitationes
911 2188 1024 2265 movet,
1048 2189 1129 2270 quod
1155 2190 1295 2252 lonasius
1318 2209 1346 2270 p.
1363 2191 1402 2252 60

300 2289 432 2366 monuit,
455 2289 586 2352 fortasse
606 2287 639 2350 in
662 2287 724 2352 alia
738 2287 843 2352 studia
865 2288 1051 2352 distractum
1068 2287 1215 2352 Senecam
1237 2308 1312 2370 opus
1332 2307 1403 2369 pro-

299 2389 436 2471 positum
457 2407 519 2452 non
541 2388 717 2452 absolvisse.
761 2387 885 2452 Etenim
907 2407 956 2452 au.
973 2389 1013 2451 63
1035 2388 1237 2469 epistularum
1254 2407 1403 2452 commer-

301 2488 384 2553 cium
399 2507 460 2551 nou
485 2487 561 2553 adeo
573 2488 716 2569 frequens
738 2488 832 2552 fuisse
848 2488 1136 2553 demonstrabimus,
1182 2489 1259 2552 Vere
1280 2488 1404 2552 demum

300 2591 373 2655 anni
396 2591 436 2654 64
458 2589 575 2653 multas
597 2608 789 2671 magnasque
814 2589 956 2654 derebus
979 2589 1148 2653 moralibus
1170 2589 1318 2671 epistulas
1329 2589 1405 2652 scri-

300 2691 370 2754 bore
391 2689 511 2770 incipit.
555 2687 655 2753 Simul
677 2692 830 2754 sumtum
852 2690 1058 2770 comperimus
1082 2687 1403 2770 (11100101100)

300 2809 361 2854 uno
385 2808 473 2872 opere
496 2790 645 2853 moralem
669 2789 895 2872 philosophiam
917 2789 1079 2870 complecti
1102 2789 1197 2863 velle3
1224 2790 1306 2871 quod
1329 2808 1404 2870 opus

300 2891 459 2954 Lactantii
481 2890 584 2954 aetate
607 2890 708 2954 adhuc
731 2890 859 2954 exsiliit.
903 2890 969 2954 Nec
990 2891 1095 2954 tamen
1114 2909 1217 2953 senem
1238 2891 1303 2971 ipso
1326 2890 1405 2953 teste

209 3021 220 3036 ·
300 3009 449 3072 perquam
471 2989 629 3054 assiduum
653 3009 689 3054 ac
712 2990 889 3054 litterarum
907 2989 1018 3053 studiis
1041 2989 1183 3054 deditum
1215 2990 1319 3053 nimiis
1338 3010 1405 3054 sar-

301 3092 378 3156 cinis
414 3092 556 3155 videmur
584 3110 718 3168 onerare,
754 3090 780 3154 si
808 3091 912 3154 eodem
944 3109 1026 3154 auno
1055 3089 1122 3172 (64)
1155 3109 1231 3171 opus
1265 3091 1329 3155 nat.
1352 3110 1402 3172 qu.

301 3193 476 3257 continuari
498 3191 633 3274 potuisse
655 3191 817 3256 credimus
862 3190 982 3256 Scimus
1005 3191 1128 3272 quidem
1144 3211 1213 3255 eum
1234 3194 1304 3254 tum
1327 3209 1404 3272 quo-

301 3312 360 3375 que
381 3293 512 3357 naturae
534 3291 708 3356 studiosum
730 3292 833 3356 fuisse.
878 3292 984 3356 Veluti
1006 3311 1051 3374 ep.
1074 3293 1122 3370 70,
1144 3293 1225 3355 1-5
1247 3291 1402 3355 1111111111
1450 3333 1456 3342 ·

303 3394 390 3475 petit,
414 3394 450 3456 ut
473 3392 510 3456 de
531 3392 640 3456 itinere
663 3411 719 3457 suo
749 3412 801 3475 per
824 3392 963 3458 Siciliam
986 3393 1069 3457 iacto
1092 3393 1151 3456 sibi
1178 3392 1293 3456 scribat
1316 3391 1346 3454 11
1367 3391 1405 3454 de

301 3492 487 3576 quibusdam
509 3493 608 3570 rebus,
632 3512 711 3574 quae
738 3493 777 3557 ad
798 3496 944 3558 naturam
974 3493 1157 3575 pertineant,
1191 3493 1352 3556 certiorem
1374 3510 1405 3555 se

299 3593 414 3658 faciat:
434 3591 478 3657 ‘iu
502 3593 649 3658 honorem
679 3613 782 3658 meum
805 3596 939 3659 Aetnam
967 3613 1088 3676 quoquc
1110 3592 1274 3658 ascendas.²
1320 3591 1405 3672 Quae

302 3695 339 3759 de
362 3693 477 3758 vitibus
501 3713 545 3777 ep.
562 3696 612 3772 80,
636 3694 673 3758 de
695 3696 785 3759 melle
808 3696 856 3759 vel
878 3695 985 3759 Indico
1008 3695 1055 3760 vel
1071 3695 1183 3759 Italico
1205 3692 1405 3775 11841111-

302 3793 463 3872 111,11111
496 3795 600 3858 minus
641 3795 706 3859 eius
737 3814 872 3860 amorem
909 3796 1038 3860 naturae
1070 3814 1172 3859 rerum
1206 3793 1406 3874 studiumque

300 3895 517 3960 testificantur.
563 3895 618 3978 Ep.
636 3897 677 3960 05
713 3914 785 3960 eum
813 3895 933 3960 difficili
963 3896 1093 3961 materia
1127 3915 1191 3961 sese
1212 3895 1258 3959 ait
1279 3894 1406 3958 conten·

301 3996 391 4060 disse.
435 3996 562 4060 Poetica
599 3997 702 4061 studia
725 3997 871 4078 Peiperus
905 3996 1012 4079 (praet.
1040 3997 1073 4059 in
1101 3996 1169 4062 Seu.
1201 3998 1282 4078 trag.
1306 3994 1405 4075 suppl.

300 4095 427 4160 Vratisl.
454 4095 544 4158 1870.
584 4115 611 4177 p.
639 4097 686 4159 18.
722 4097 773 4177 19)
801 4097 849 4161 his
883 4099 973 4180 putat
1012 4097 1192 4182 significari.
1254 4095 1406 4159 Videlicet

301 4196 425 4277 poetam
445 4196 555 4260 misere
577 4197 771 4262 laborantem
792 4199 823 4261 et
844 4198 971 4281 syllabis
997 4197 1195 4263 numerandis
1219 4195 1309 4280 pedes
1331 4195 1405 4258 fati-

299 4298 432 4380 gantem
463 4296 567 4366 auimo
594 4299 786 4383 imaginatus
815 4299 870 4363 est.
924 4299 1058 4365 Moralia
1080 4297 1142 4362 dici
1171 4315 1233 4362 non
1263 4295 1405 4379 equidem
