3194 5030
820 315 859 378 18

296 503 379 568 cium
400 503 431 566 61
453 501 599 584 contagio
621 501 804 583 pertinuerit
827 499 902 582 (qua
933 501 971 568 do
992 519 1025 565 re
1046 501 1195 566 nonnulla
1228 503 1398 592 exploravit

295 603 471 668 Larischius
493 621 521 684 p.
537 603 578 664 43
600 603 631 664 61
652 601 717 679 lo).
761 600 906 664 Fehcitcr
927 602 1148 666 tamenactum
1172 603 1226 680 661,
1250 602 1332 684 quod
1350 603 1399 666 iu·

295 703 412 768 dicium
435 703 574 766 nostrum
597 701 634 765 de
656 701 790 783 genuina
810 701 880 765 sede
901 699 973 766 libri
995 700 1056 764 IV*
1078 721 1138 765 non
1161 721 1179 766 a
1200 702 1398 766 librariorum

295 804 486 886 negligentia
509 803 564 868 aut
576 803 665 866 fortis
687 801 830 866 ludibriis
843 802 963 884 pendet,
986 802 1037 866 sed
1052 801 1167 867 Seneca
1189 803 1253 884 1666
1266 805 1321 881 IV,
1339 804 1397 882 1,1

295 905 451 970 artissime
472 922 543 968 eum
564 903 604 967 ad
626 903 812 984 superiorem
834 903 949 967 librum
973 903 1126 985 alligavit.

396 1003 481 1084 Quae
514 1003 616 1068 adhuc
638 1003 831 1084 exposuimus
863 1003 945 1067 haud
969 1003 1033 1068 scio
1065 1023 1104 1068 an
1127 1005 1268 1070 futurum
1301 1006 1342 1069 sit
1363 1007 1399 1069 61

296 1105 391 1170 etiam
414 1105 515 1187 magis
546 1102 767 1168 confirmentur
794 1122 831 1167 ao
853 1104 1116 1182 commendentur,
1146 1107 1173 1169 si
1195 1105 1231 1169 de
1253 1107 1398 1187 tempore.

296 1223 356 1288 quo
380 1223 455 1286 opus
477 1204 552 1268 Nat.
577 1202 633 1283 Qu.
657 1205 863 1285 compositum
885 1203 935 1280 sit,
958 1203 1233 1286 disquisiverimus

398 1309 480 1371 Ante
502 1305 661 1370 Ionasium
683 1304 742 1369 viri
775 1304 860 1368 docti
882 1324 986 1369 omnes
1007 1324 1024 1370 6
1044 1305 1065 1370 l.
1082 1306 1136 1370 11.
1169 1308 1243 1388 661
1268 1306 1399 1390 college·

297 1410 368 1473 rant
390 1425 470 1472 anno
492 1408 532 1468 63
555 1406 650 1468 istum
666 1406 747 1469 certe
769 1403 883 1469 librum
899 1404 1103 1486 compositum
1128 1407 1283 1488 16116666
1306 1427 1334 1489 p.
1348 1409 1397 1470 52.

299 1508 362 1589 53).
408 1506 515 1570 Refert
543 1503 624 1569 onim
648 1505 772 1581 Seneca,
806 1523 876 1568 eum
899 1506 1000 1569 terrae
1022 1507 1152 1584 motum,
1186 1526 1246 1590 quo
1268 1508 1400 1588 Pompo·

297 1608 397 1672 iorum
427 1607 500 1670 urbs
530 1605 679 1681 consedit,
715 1603 808 1667 fuisse
830 1604 911 1668 Non.
934 1605 1023 1669 Febr.
1045 1607 1165 1690 Regulo
1199 1610 1230 1671 et
1252 1606 1399 1689 Verginio

300 1705 493 1783 Consulibus,
526 1705 546 1770 i.
570 1725 595 1768 6.
619 1723 699 1769 6666
722 1705 762 1768 63
798 1704 851 1783 (61.
881 1704 953 1768 Tac.
977 1705 1045 1784 XV,
1069 1707 1133 1787 23).
1177 1708 1305 1772 Tacitus
1336 1707 1400 1788 ipse

298 1807 380 1890 quod
405 1826 475 1871 eum
499 1804 961 1882 6661616666662611111611,
985 1806 1113 1870 minoris
1124 1807 1273 1872 momenti
1291 1809 1313 1887 ¹)
1337 1826 1400 1870 6666

297 1908 344 1972 illi
368 1908 549 1989 putabant„
575 1905 768 1970 'lamensius
790 1905 1010 1969 auctoritatem
1027 1906 1167 1971 lonasius
1189 1908 1400 1972 vetattemerc

298 2010 410 2091 sperni.
456 2008 610 2071 Accnrate
641 2005 668 2069 is
701 2005 825 2087 quidem
859 2007 1051 2086 comparavit
1074 2008 1127 2086 Vl,
1153 2010 1179 2086 1,
1205 2011 1243 2072 13
1275 2007 1398 2084 61111,

298 2111 347 2172 28.
391 2108 540 2172 11161666
564 2104 632 2183 (11,
658 2106 684 2182 1,
715 2106 766 2184 13)
800 2123 881 2170 6666
908 2107 1009 2187 priore
1036 2109 1069 2171 in
1091 2109 1244 2174 Achaiam
1276 2110 1400 2175 61Μ6-

297 2207 455 2272 codoniam
489 2203 597 2270 scribit
619 2204 734 2269 Seneca
767 2205 894 2269 eandem
927 2205 1055 2284 cladem,
1089 2211 1264 2290 66661666
1297 2209 1397 2290 ipsum

297 2306 458 2387 Pompeios
482 2305 661 2378 vastaverit,
685 2303 821 2370 irruisse.
865 2307 1003 2372 Achaiae
1025 2310 1129 2373 autem
1141 2309 1400 2390 Macedoniaeque

296 2409 412 2471 tremor
435 2405 557 2488 quando
579 2404 682 2482 166611,
704 2405 845 2470 16666166
866 2408 911 2472 ait
932 2409 1077 2492 cognosci
1100 2429 1134 2474 ex
1156 2411 1262 2476 1111.
1285 2428 1331 2493 cp.
1345 2411 1400 2473 28:

294 2507 377 2570 ‘Non
399 2507 508 2572 statim
524 2508 656 2571 cometes
679 2508 765 2570 ortus
787 2509 896 2573 ventos
918 2511 949 2574 et
964 2509 1085 2591 pluvias
1105 2512 1253 2589 minatur,
1276 2514 1312 2575 61
1328 2511 1400 2575 Ari-

297 2606 423 2670 stoteles
446 2607 500 2683 ait,
524 2605 578 2670 sed
599 2625 716 2670 annum
738 2607 841 2671 totum
868 2613 1043 2690 suspectum
1067 2610 1152 2675 lacit.
1196 2611 1323 2693 Exque
1346 2630 1401 2691 ap·

298 2708 386 2788 paret
404 2705 494 2770 illum
518 2724 579 2770 non
602 2725 636 2770 ex
671 2707 810 2787 proximo
838 2710 969 2790 quaein
992 2710 1165 2791 proximum
1200 2711 1287 2775 daret
1310 2710 1399 2792 signa

297 2807 435 2883 traxisse,
473 2808 526 2871 sed
555 2807 667 2873 habere
697 2808 833 2890 reposita
862 2811 893 2873 61
923 2828 1095 2891 compressa
1127 2811 1248 2894 legibus
1281 2810 1399 2874 mundi.

298 2907 384 2971 16611
408 2907 457 2971 hio
480 2911 621 2985 cometes,
645 2907 698 2988 qui
721 2907 886 2972 Paterculo
908 2911 939 2974 61
955 2910 1086 2991 1661666
1108 2911 1284 2975 6666611166
1305 2927 1400 2991 appa·

297 3008 370 3085 ruit,
395 3028 474 3089 quae
496 3009 536 3073 ab
557 3007 726 3072 Aristotele
739 3008 1011 3092 Theophrastoque
1034 3013 1106 3075 6661
1128 3011 1295 3095 praedicta.
1320 3010 1400 3074 Fue·

299 3113 373 3171 runt
405 3109 486 3173 enim
508 3109 660 3173 maximae
692 3109 723 3173 et
745 3110 910 3175 continuae
931 3111 1130 3193 tempestates
1152 3113 1281 3194 ubique:
1313 3114 1347 3176 at
1368 3111 1399 3174 in

298 3209 418 3274 Achaia
440 3209 684 3290 Macedoniaque
713 3209 802 3273 nrbes
835 3212 989 3276 terrarum
1022 3214 1110 3276 motu
1132 3215 1276 3296 prorutae
1308 3211 1399 3277 6661.

300 3307 445 3373 Consules
468 3310 666 3374 Paterculum
691 3315 721 3374 61
744 3311 910 3392 Vopiscum
944 3314 1025 3376 recte
1047 3333 1065 3377 a
1088 3314 1258 3395 Borghesio
1271 3315 1296 3394 2)
1320 3330 1400 3377 anno

299 3411 339 3472 60
362 3409 439 3474 dicit
461 3410 572 3475 ascribi
596 3412 665 3489 (nec
687 3410 816 3474 dubium
827 3412 882 3490 661,
907 3412 975 3476 coll.
1000 3413 1071 3478 'l'ac
1084 3412 1169 3490 xlv,
1192 3413 1256 3496 22).
1303 3415 1401 3495 Atqui

400 3701 424 3764 li
443 3698 612 3752 Martensius
640 3697 684 3763 (de
701 3698 727 3752 S.
748 3702 806 3751 vita
831 3703 860 3752 61
878 3704 1005 3768 temporo
1030 3716 1085 3768 quo
1111 3718 1162 3756 scr.
1190 3699 1288 3770 philos.
1311 3717 1400 3770 comp.

300 3787 365 3840 nint.
386 3785 488 3838 Albona
509 3788 586 3840 1871.
605 3803 623 3854 p
645 3789 690 3838 151
717 3792 798 3854 piarat
816 3786 990 3841 hierisalium
1014 3795 1090 3842 recto
1110 3790 1242 3856 iudicare,
1272 3789 1319 3858 qui
1338 3806 1402 3844 con·

298 3873 420 3926 cordiam
441 3871 538 3926 borum
557 3872 595 3926 116
615 3871 725 3926 efficere
738 3874 842 3936 studet,
860 3879 893 3928 ut
906 3874 968 3930 illos
987 3881 1078 3929 motus
1098 3895 1122 3931 a.
1136 3875 1234 3930 621166
1255 3876 1400 3944 incepisse.

300 3958 660 4014 66661131661166611661.
698 3961 735 4015 At
753 3961 799 4025 11,
819 3965 852 4016 31
873 3963 940 4016 66116
961 3971 1089 4033 apertum
1102 3970 1153 4024 est.
1174 3981 1223 4034 per
1243 3965 1401 4034 complures

301 4066 366 4102 sune
386 4048 511 4102 dieseos
531 4047 622 4111 161666,
643 4049 692 4102 sed
710 4053 792 4116 post
810 4049 882 4104 Non.
900 4049 983 4105 Febr.
1003 4053 1187 4108 66611666166.

400 4138 426 4207 2)
446 4137 486 4192 Cf.
506 4136 723 4200 Orelli-Hennes,
744 4138 827 4193 inser.
855 4143 934 4194 1407.
963 4140 1108 4212 Borghesi,
1135 4141 1203 4194 Brrll.
1230 4141 1294 4195 inst.
1326 4143 1400 4196 66611.

300 4225 376 4278 1816.
399 4241 425 4294 6.
443 4227 504 4280 174.
522 4223 664 4288 (decussio,
684 4224 775 4279 lecria.
795 4225 942 4296 (111166611
961 4245 988 4296 p.
1008 4230 1048 4283 119.

1288 4852 1585 5012 pl
