3194 5030
756 1357 799 1490 1ζ

325 1661 446 1726 Annaei
479 1661 610 1726 Senecae
642 1662 842 1742 Quaestioues
876 1662 1045 1727 Naturales
1084 1683 1144 1745 quo
1176 1665 1325 1730 librorum

225 1763 331 1827 ordine
363 1763 474 1844 quibus
504 1761 592 1827 anuis
629 1763 761 1844 scriptae
802 1763 873 1840 sint,
899 1763 998 1844 prima
1032 1764 1089 1829 hac
1111 1765 1207 1830 libelli
1239 1767 1327 1847 parto

224 1863 415 1945 investigare
439 1863 633 1928 conabimur?

322 1961 415 2043 Apud
437 1981 487 2026 eos
510 1963 643 2044 quidem,
668 1963 721 2044 qui
753 1963 906 2044 prioribus
930 1963 1060 2028 saeculis
1080 1963 1172 2026 duces
1195 1982 1231 2028 ac
1253 1982 1324 2044 pro·

224 2065 410 2146 pugnatores
432 2064 541 2127 horum
559 2065 733 2128 studiorum
747 2064 840 2142 luere,
863 2064 967 2128 nullae
990 2060 1027 2127 de
1043 2063 1193 2127 librorum
1220 2063 1325 2128 ordine

223 2163 432 2228 dubitationes
465 2165 519 2227 aut
556 2165 750 2228 coniecturae
783 2165 985 2247 reperiuntur.
1053 2163 1168 2228 Nostro
1200 2164 1324 2228 demum

222 2263 342 2326 saeculo
359 2263 508 2327 Koolerus
529 2263 615 2343 (edit.
638 2263 779 2348 Gotting.
798 2264 891 2346 1819)
910 2265 1015 2346 aliquo
1035 2283 1105 2327 cum
1123 2263 1236 2328 iudicio
1259 2263 1324 2328 eius

223 2363 321 2444 operis
343 2364 476 2428 formam
498 2383 681 2447 omnemque
703 2367 844 2430 habitum
861 2365 1085 2446 circumspexit.
1110 2364 1237 2428 Falsum
1260 2363 1322 2446 igi·

221 2466 273 2528 tur
294 2465 447 2536 intellexit
469 2485 539 2530 eum
561 2486 633 2544 esse,
657 2467 762 2548 quiin
787 2466 942 2530 codicibus
964 2466 1032 2529 turn
1054 2466 1135 2530 notis
1156 2465 1322 2542 ferebatur,

221 2567 367 2644 ordinem,
401 2568 528 2648 quinat
559 2569 687 2632 conatus
711 2569 757 2632 est
789 2587 822 2631 ox
844 2566 967 2631 indiciis
990 2565 1190 2631 exterioribus
1215 2565 1321 2630 111116

220 2667 413 2750 singulorum
434 2669 547 2733 natura
568 2669 718 2733 librorum
746 2668 883 2732 ordinem
907 2668 1076 2750 genuinum
1097 2666 1256 2749 refingere.
1282 2701 1320 2712 -

219 2771 297 2836 Dein
306 2772 454 2836 Friderici
464 2772 585 2849 Haasii‚
602 2772 747 2856 principis
768 2789 882 2848 eorum,
907 2769 960 2852 qui
982 2769 1040 2834 hac
1052 2767 1154 2834 661616
1177 2767 1320 2833 deSene·

219 2891 271 2935 cae
293 2871 434 2952 operibus
456 2871 672 2955 philosophicis
694 2871 882 2949 meruerunt,
913 2873 945 2934 in
968 2869 1076 2934 multis
1098 2869 1173 2932 haec
1196 2887 1318 2950 quoque

218 2991 291 3036 cura
316 2971 386 3035 fuit.
411 2972 505 3037 Cuius
528 2991 598 3036 cum
620 2972 697 3037 alias
720 2973 889 3054 discipulus
912 2991 975 3036 esse
998 2970 1116 3048 malim,
1138 2971 1196 3034 hae
1218 2969 1255 3032 de
1276 2989 1318 3048 re,

217 3072 446 3153 quantumlibet
461 3073 525 3136 eius
541 3073 675 3138 admirer
689 3065 903 3156 sagacitatem,
926 3072 992 3136 fieri
1007 3072 1112 3135 tamen
1127 3089 1188 3134 non
1204 3071 1318 3152 poterit

217 3172 292 3254 quin
312 3173 506 3237 adversarius
528 3173 682 3238 exsistam.
706 3174 736 3238 ls
759 3173 882 3256 quidem
905 3191 975 3236 oum
999 3171 1097 3253 primo
1121 3171 1200 3234 hano
1222 3188 1317 3251 quae·

214 3273 344 3337 stionem
378 3273 486 3351 adiret,
520 3274 596 3338 satis
628 3274 741 3338 habuit
774 3292 844 3337 oum
878 3272 956 3337 alias
984 3271 1158 3354 siguificare
1185 3269 1313 3334 lacunas

214 3372 283 3436 tum
304 3372 336 3435 in
358 3373 436 3436 libro
460 3375 571 3455 quarto
595 3393 745 3456 magnum
769 3373 856 3437 illum
881 3372 1013 3449 hiatum,
1039 3372 1092 3453 qui
1115 3371 1199 3435 iuter
1223 3371 1316 3452 caput

214 3472 381 3536 secundum
403 3475 433 3538 et
454 3474 583 3538 tertium
604 3473 777 3550 intercedit,
801 3474 918 3538 notare.
950 3471 1106 3534 Nimirum
1129 3471 1228 3553 primo
1250 3470 1315 3534 eius

214 3574 245 3636 et
274 3573 406 3637 secundo
439 3573 539 3654 capite
561 3573 598 3637 de
635 3573 703 3637 Nili
723 3573 840 3638 aestivo
871 3571 1060 3636 incremento
1082 3570 1205 3654 agitur:
1236 3588 1315 3652 quae

214 3674 382 3754 antequam
405 3674 493 3738 linita
522 3675 564 3738 sit
603 3673 752 3756 quaestio,
783 3672 886 3737 subito
919 3669 1174 3753 necopinantibus
1196 3669 1314 3754 grando

213 3773 389 3855 supervenit
411 3776 595 3855 nequeunte
618 3775 683 3840 eius
704 3775 776 3840 libri
797 3774 890 3838 finem
911 3772 1141 3837 intermittitur.
1183 3771 1314 3837 Mauous

211 3876 315 3938 tamen
330 3875 357 3940 is
379 3894 500 3958 quoque
515 3878 755 3943 commentarius
770 3878 905 3960 iustique
921 3896 1027 3959 expers
1049 3878 1096 3944 est
1109 3875 1203 3942 initii.
1228 3875 1315 3958 (sta-

211 3975 270 4038 tim
292 3975 373 4039 ouim
397 3995 442 4057 cp.
455 3978 515 4054 4,1
539 3978 691 4062 peregisse
720 3998 751 4043 se
779 3978 936 4061 propriam
965 3979 1175 4060 quaestionem
1199 3978 1313 4044 Seneca

210 4075 383 4158 siguificat:
407 4078 441 4142 at
456 4077 510 4141 illo
526 4097 586 4141 uuo
602 4082 677 4160 op.3
700 4081 781 4144 certe
797 4099 857 4143 nou
872 4080 1014 4163 peregit.)
1040 4082 1150 4162 Itaque
1161 4080 1310 4144 maiorem

114 4197 116 4200 ·
209 4174 352 4241 lacunam
382 4178 518 4242 Haasius
546 4198 580 4244 eo
615 4180 681 4245 loeo
704 4180 872 4246 rectissime
904 4181 1064 4248 indicavit.
1119 4182 1155 4245 Id
1188 4200 1310 4265 quodue

209 4277 291 4341 recte
314 4279 498 4374 observavit
525 4299 585 4348 nou
606 4299 692 4368 posse
716 4283 822 4368 utique
846 4284 1062 4368 quaestionum
1084 4284 1150 4350 16111
1172 4283 1308 4351 diversa·
