3194 5030
764 405 803 468 25

236 588 409 668 putaverim
419 613 431 672 3(
448 611 482 654 ea
507 589 652 653 nimirum
675 589 805 653 materia
828 589 932 652 nostro
953 589 1013 652 luit
1036 589 1085 653 vol
1106 587 1238 652 marium
1260 586 1337 649 trita

236 708 273 752 ao
296 692 450 753 consueta.
496 690 577 770 Quid
599 691 698 772 igitur
728 691 840 766 obstat,
876 709 913 752 uc
932 688 1132 754 Naturalium
1163 705 1238 768 opus
1268 704 1337 748 eum

235 790 305 851 tum
327 788 522 854 continuasse
552 790 747 872 cogitemus?
788 788 889 853 Immo
922 789 1092 852 certissime
1117 786 1149 850 id
1172 786 1248 850 mihi
1271 804 1339 866 per-

235 887 390 966 suadetur,
430 889 456 952 si
484 891 629 954 accurate
666 890 817 972 perpendo
857 909 936 971 quae
965 891 1038 952 sunt
1070 890 1102 952 in
1128 888 1260 953 eiusdem
1292 905 1337 966 ep.

237 987 287 1068 ἐξ.
310 989 446 1053 lo-ao:
480 991 591 1071 quibus
623 989 762 1054 animum
796 1009 885 1054 suum
919 991 986 1053 tum
1015 989 1147 1053 maxime
1177 990 1208 1052 in
1236 1006 1337 1051 rerum

239 1090 369 1155 naturae
403 1091 662 1172 contemplatione
679 1092 807 1156 ,1616611
834 1091 1005 1173 profitetur.
1048 1089 1150 1153 Multa
1182 1090 1338 1170 praeterea

236 1191 300 1255 eius
322 1210 368 1273 cp.
391 1192 484 1256 verba
507 1191 621 1256 similia
644 1191 686 1256 eis
708 1194 781 1255 sunt
803 1192 935 1273 quaein
965 1192 1091 1272 prologo
1113 1190 1188 1254 Nat.
1210 1189 1268 1269 Qu.
1288 1208 1338 1252 ex-

238 1291 350 1372 posuit.
394 1290 430 1353 11
453 1290 577 1372 quidem
600 1292 731 1368 constat,
767 1309 1016 1373 permagnum
1043 1290 1079 1354 de
1101 1308 1204 1352 rerum
1226 1289 1338 1351 natura

239 1410 314 1472 opus
335 1410 437 1454 senem
463 1390 521 1454 si'i
546 1409 721 1472 proponere,
746 1409 816 1456 cum
836 1392 892 1456 illa
915 1392 1076 1456 scriberet:
1097 1389 1168 1453 ‘non
1192 1386 1340 1471 praeterit

237 1510 294 1568 me,
318 1509 410 1572 quam
435 1510 619 1574 magnarum
651 1511 754 1556 rerum
776 1491 980 1556 fundamenta
1015 1510 1127 1574 ponam
1150 1508 1247 1564 senex,
1285 1488 1338 1568 qui

237 1590 386 1656 anundum
407 1591 536 1656 circuire
565 1592 740 1666 constitui'3
770 1590 1166 1666 166111111666111111661,
1203 1607 1262 1663 666,
1286 1587 1339 1668 qui

236 1691 478 1768 11611661616111,
501 1691 595 1756 libros
618 1694 687 1756 octo
710 1693 799 1757 tanto
821 1692 1015 1774 promissoris
1038 1691 1126 1755 hiatu
1159 1708 1268 1771 parum
1291 1686 1339 1751 di-

237 1812 314 1875 gnos
339 1791 445 1857 videri.
488 1793 603 1857 Verum
642 1793 756 1858 indicia
783 1792 839 1857 1116
871 1792 1031 1875 colligenti
1064 1790 1154 1856 valde
1180 1788 1339 1871 probabile

237 1894 392 1970 1111111661,
416 1893 516 1958 maius
539 1895 724 1975 etamplius
750 1894 824 1957 olim
847 1911 922 1974 opus
945 1893 1071 1973 abipso
1094 1891 1243 1972 scriptum
1266 1908 1339 1951 esso.

239 1994 351 2059 Omnia
368 1994 432 2072 illa,
456 2015 534 2076 (puae
549 1995 750 2076 proposuerat
765 2012 801 2060 ac
814 1993 1007 2076 promiserat,
1031 1993 1186 2056 numento
1208 1989 1339 2074 mortem

237 2093 403 2158 confecerit
427 2094 596 2158 nescimus:
619 2095 643 2157 61
667 2114 728 2158 non
750 2095 833 2173 fecit,
856 2093 973 2158 Neroni
997 2092 1119 2158 Caesari
1140 2093 1197 2155 hoc
1220 2090 1341 2170 quoquc

239 2194 355 2258 crimen
378 2194 437 2262 erit
470 2195 785 2286 imprrtandum3o11i
811 2215 880 2259 cum
911 2194 1056 2278 magistri
1088 2192 1263 2273 tutorisque
1292 2189 1339 2252 sui

238 2297 331 2378 caput
359 2297 589 2360 sacrosanctum
619 2296 659 2360 ad
692 2298 823 2360 mortem
858 2296 1006 2378 adigeret,
1043 2291 1220 2377 posteritati
1246 2289 1338 2354 simul

236 2397 345 2479 ingens
367 2397 477 2461 intulit
499 2395 647 2460 damnum
670 2398 700 2460 61
717 2396 874 2461 iniuriam.
919 2397 998 2460 llum
1020 2395 1138 2460 scilicet
1162 2393 1235 2457 ante
1258 2390 1340 2454 vitae

237 2496 427 2560 destinatum
449 2495 540 2562 finem
569 2495 654 2560 abire
681 2495 782 2572 iussit,
814 2496 958 2578 quitum
984 2495 1116 2560 maxime
1136 2492 1337 2574 ‘posterorum

239 2598 397 2682 negotium
420 2598 533 2680 ageret
558 2616 594 2662 ao
616 2597 792 2661 litterarum
816 2617 886 2680 opes
920 2599 1066 2681 argenteo
1093 2594 1220 2678 augeret
1242 2591 1341 2656 incre-

238 2699 351 2762 mento.
371 2733 404 2742 -
423 2697 569 2780 Singulos
583 2698 679 2762 libros
692 2697 822 2762 fortasse
834 2699 941 2763 statim
964 2698 1093 2778 scriptos
1105 2695 1224 2759 Lucilio
1239 2693 1339 2764 misit;

239 2799 325 2862 curius
348 2799 390 2862 rei
413 2798 598 2862 documenta
620 2797 726 2863 licebit
759 2799 963 2879 praefationes
986 2816 1113 2862 sumere.
1158 2795 1246 2875 Quod
1279 2812 1339 2857 non

237 2918 343 2963 omnes
366 2899 408 2962 eis
430 2899 576 2962 instructi
599 2901 671 2962 sunt
695 2897 814 2979 (carent
847 2900 929 2964 enim
953 2900 979 2963 V
1003 2900 1084 2979 etl)
1109 2896 1193 2962 haud
1215 2897 1277 2960 6616
1300 2915 1339 2958 an

237 2997 351 3062 indicio
373 2999 423 3076 611,
447 2998 523 3062 duos
546 2999 714 3081 aliquando
745 3018 806 3063 una
828 3000 972 3065 missione
1002 3018 1067 3063 esse
1088 2997 1230 3062 traditos.
1280 2996 1340 3058 At·

239 3118 297 3181 que
317 3100 373 3164 hos
396 3099 520 3181 quidem
544 3101 613 3163 octo
635 3100 730 3164 libros
750 3101 782 3180 ¹),
805 3101 973 3182 antequam
998 3099 1075 3164 alios
1097 3097 1228 3162 scribere
1249 3095 1341 3159 insti-

238 3200 347 3275 tueret,
371 3198 434 3280 ipse
465 3199 587 3263 videtur
615 3200 760 3265 collectos
789 3200 822 3263 in
849 3200 1006 3282 publicum
1035 3197 1173 3262 edidisse.
1217 3193 1340 3276 Reliqui

238 3336 279 3344 -
302 3319 377 3380 quos
400 3299 480 3362 sicut
502 3299 573 3362 illos
595 3301 754 3380 probabile
776 3302 822 3366 est
844 3300 939 3364 fuisse
961 3300 1066 3382 quales
1092 3297 1182 3364 hodie
1204 3296 1341 3378 appella-

237 3400 372 3464 verimus
383 3398 605 3486 μονογραφίας
618 3437 656 3446 -
670 3401 900 3483 aliquantulum
923 3401 1070 3482 temporis
1081 3397 1232 3463 vixerunt.
1257 3396 1341 3459 Tau·

238 3501 307 3565 dem
329 3500 481 3581 dispersos
503 3519 540 3565 ac
563 3500 717 3578 disiectos,
741 3501 826 3565 velut
848 3521 946 3584 grana
961 3502 1070 3565 ventus
1092 3500 1131 3564 ab
1153 3517 1234 3575 6166,
1257 3497 1341 3562 abri-

238 3602 306 3684 puit
327 3605 502 3684 temporum
523 3601 599 3686 iuga
622 3603 653 3666 et
675 3621 821 3667 aevorum
844 3623 898 3684 per
918 3603 1041 3667 ruinam
1063 3599 1276 3666 commutatio.

345 3796 370 3865 1)
391 3793 472 3850 Certe
494 3795 695 3865 antiquissimis
720 3795 894 3864 temporibus
913 3811 960 3848 ecs
980 3793 1112 3848 collectos
1130 3796 1159 3846 61
1178 3793 1341 3846 coniunctos

242 3901 302 3938 esse
322 3887 438 3937 constat.
479 3883 666 3945 Dubitas-oris,
686 3900 751 3936 num
776 3884 835 3952 ipse
855 3883 960 3936 fecerit.
999 3881 1111 3934 Etenim
1131 3881 1155 3934 si
1173 3881 1263 3950 ipsum
1288 3880 1342 3933 siu-

243 3973 322 4042 116166
350 3971 464 4024 binosrc
489 3969 617 4038 edidisse,
648 3974 712 4040 post
731 3971 789 4024 eius
810 3976 928 4023 mortem
947 3975 1037 4022 autem
1057 3969 1174 4022 amicum
1203 3968 1341 4036 quendam

239 4060 297 4114 sive
315 4058 496 4126 bibliopolam
516 4058 585 4112 lianc
604 4058 797 4112 collectionem
816 4057 913 4112 fecisse
934 4055 1074 4120 statueris,
1101 4057 1167 4125 (prid
1187 4055 1341 4126 simplicius

239 4151 281 4200 est
299 4152 328 4200 ct
341 4145 523 4216 probabilius,
544 4163 624 4214 quam
639 4146 702 4199 huic
721 4145 898 4200 tribuendum
917 4162 977 4198 esse
997 4144 1073 4197 illum
1094 4144 1128 4198 de
1139 4145 1211 4198 libro
1230 4139 1336 4212 ‘primo’

239 4234 385 4289 errorem?

697 4333 770 4340 ..⁴0-
797 4335 807 4340 ..
826 4335 828 4337 .
844 4333 891 4338 .....
