3194 5030
768 405 842 468 ll

275 608 353 672 quae
374 611 436 656 non
467 591 579 673 possim
603 589 711 665 lacere,
739 608 818 671 quae
840 591 934 654 nolim
952 611 1058 672 posse:
1088 594 1251 658 habiturus
1273 595 1372 675 aequi,

277 691 302 755 si
330 690 442 767 nolim,
477 691 629 772 quidquid
654 709 714 754 non
738 709 825 772 posse
847 709 895 755 me
917 685 1024 758 video.’
1080 694 1151 758 Non
1173 693 1231 758 sibi
1253 693 1374 758 differre

272 793 330 869 ait,
374 792 525 856 vetitusne
565 791 671 873 pareat
697 791 888 870 necessitati,
924 813 962 858 an
991 794 1055 877 ipse
1082 796 1186 859 volens
1214 795 1372 877 libensque

271 892 365 957 alicui
387 892 432 956 rei
454 892 613 957 renuntiet
635 911 734 978 senex.-
770 891 872 974 Aequi
886 893 998 960 babere
1020 894 1071 976 (cl.
1092 896 1189 978 parri,
1205 895 1312 979 magni
1327 895 1371 974 h.)

270 993 371 1058 media
394 994 440 1057 est
463 993 545 1057 inter
565 993 641 1057 duas
660 992 831 1058 locutiones
852 1011 1029 1061 communes
1042 990 1132 1061 ‘nihil
1152 997 1237 1079 pensi
1252 993 1373 1061 habere'

269 1095 301 1158 et
320 1087 423 1176 ‘aequi
445 1093 518 1159 boni
540 1084 665 1158 facere?

355 1194 410 1276 Ep.
434 1197 483 1273 33,
508 1195 536 1259 5.
582 1195 653 1259 Res
674 1195 822 1278 geritur·
844 1196 875 1259 et
896 1215 949 1278 per
970 1196 1157 1263 lineamenta
1179 1215 1235 1262 sua
1257 1197 1373 1280 ingenii

272 1309 347 1377 opus
372 1294 515 1359 nectitur.
575 1295 677 1359 Verba
704 1295 764 1360 ista
793 1313 843 1360 res
863 1296 985 1378 peritur
1006 1298 1134 1362 obscura
1156 1297 1234 1362 milri
1256 1315 1374 1379 semper

271 1395 405 1459 fuerunt.
450 1394 533 1475 Quid
560 1395 661 1460 dicere
690 1395 805 1461 Seneca
833 1397 922 1475 velit,
951 1417 1011 1462 non
1038 1398 1128 1464 latet:
1158 1418 1234 1481 opus
1256 1397 1372 1481 ingenii

267 1497 373 1568 ¹totum
396 1494 550 1578 quoddam
573 1515 637 1560 esse
661 1497 691 1560 et
714 1497 802 1579 quasi
827 1515 936 1579 corpus
959 1517 1020 1564 non
1042 1499 1229 1565 dissolubile.
1266 1497 1373 1581 Exigi-

270 1599 323 1660 tur
357 1596 485 1661 verbum
516 1596 636 1660 notioni
656 1597 801 1661 nectendi
838 1597 948 1663 simile.
1005 1595 1131 1664 Certum
1167 1619 1230 1664 non
1259 1599 1372 1681 reperi:

269 1697 382 1762 suadeo
404 1697 525 1762 tamen:
545 1690 760 1780 ί1111119111
781 1699 811 1762 11
841 1749 848 1761 .
880 1747 887 1762 .
919 1749 926 1762 .
955 1690 1154 1766 ..nectitur'

355 1797 410 1879 llp.
433 1797 483 1874 40,
510 1798 544 1860 4;
572 1817 651 1879 qnae
673 1797 799 1862 veritati
824 1817 948 1880 operam
974 1799 1030 1864 dat
1052 1800 1161 1878 oratio,
1188 1801 1372 1881 incompo-

271 1898 346 1962 sita
372 1898 462 1963 debet
488 1917 552 1963 esse
582 1899 613 1962 et
636 1898 774 1980 simplex.
833 1899 962 1965 Minime
985 1919 1070 1965 vero:
1105 1902 1261 1982 incompta
1282 1901 1372 1966 debet
1469 1982 1474 1990 ι

271 2017 334 2064 esse
369 1999 531 2064 veritatem
563 2017 693 2064 suasura
724 2001 847 2076 oratio,
881 2020 942 2066 non
965 1995 1058 2072 ‘male
1085 1991 1278 2084 composita,
1310 2021 1371 2066 non

269 2087 415 2175 ἄτακτος.
439 2101 508 2182 lpse
522 2099 670 2165 nimirum
685 2101 789 2182 paullo
810 2102 949 2183 superius
966 2102 983 2184 5
999 2104 1018 2166 2
1034 2103 1224 2167 eontrarium
1235 2101 1322 2179 dixit,
1338 2102 1371 2165 in

271 2200 449 2282 philosopho
465 2200 749 2282 pronuntiationem
765 2220 888 2284 quoque
903 2202 1012 2268 debere
1029 2223 1093 2269 esse
1116 2201 1370 2285 compositam.

271 2300 514 2382 incompositum
547 2319 609 2364 non
644 2300 759 2365 dicitnr
792 2302 852 2366 nisi
889 2303 926 2368 de
958 2305 1048 2368 rebus
1075 2303 1299 2386 vituperandis
1333 2304 1371 2368 cl.

272 2401 378 2483 Quint.
402 2403 431 2478 9,
457 2401 486 2479 4,
510 2403 559 2464 32.
612 2401 659 2466 De
692 2402 831 2467 oratione
860 2403 1017 2486 incompta
1040 2404 1110 2470 vide
1132 2423 1210 2487 quae
1233 2403 1295 2469 (lic.
1319 2403 1370 2469 01.

277 2501 295 2582 ᾗ
312 2502 350 2565 78
366 2520 431 2582 sqq.
449 2502 580 2583 exponit,
604 2502 713 2583 utpote
734 2521 765 2566 re
779 2502 940 2581 laudabili,
965 2523 1058 2586 quarn
1074 2504 1196 2569 mulieri
1209 2503 1371 2568 inornatae

270 2601 417 2666 venustae
439 2602 608 2683 comparat.

356 2702 412 2784 Ep.
436 2703 486 2780 53,
511 2703 528 2766 7
551 2704 626 2767 extr.
649 2705 754 2786 gravis
778 2723 867 2786 sopor·
897 2754 904 2768 .
936 2755 942 2768 .
975 2755 981 2767 .
1013 2705 1150 2769 animum
1173 2704 1268 2770 altius
1290 2723 1371 2769 mer-

271 2805 328 2888 git,
349 2804 478 2886 utique
500 2806 605 2870 nnllo
624 2805 784 2870 intellectu
800 2806 847 2869 sui
862 2807 928 2870 est.
960 2806 1045 2870 Haec
1060 2806 1157 2870 edidit
1171 2806 1316 2871 Haasius.
1329 2841 1369 2850 -

272 2904 420 2970 Codicum
453 2907 585 2990 vestigia
611 2905 637 2970 si
659 2906 817 2988 sequimur
839 2906 1039 2988 singulasque
1060 2905 1182 2971 litteras
1203 2906 1285 2970 inter
1307 2925 1371 2971 sese

271 3007 353 3072 recte
374 3007 543 3090 iungimus,
567 3008 643 3074 haec
665 3006 843 3071 efficiuntur
864 3008 957 3072 verba
977 3025 1047 3071 vere
1068 3001 1252 3072 Annaeana:
1281 3026 1372 3090 sopor

271 3108 410 3172 animum
442 3108 536 3173 altius
571 3107 694 3191 mergit,
728 3128 822 3189 quom
855 3113 890 3172 ot
916 3109 952 3172 11
978 3107 1043 3170 11111
1064 3106 1225 3172 1111111111
1245 3111 1297 3172 soi
1318 3108 1368 3172 eit.

272 3210 375 3274 Unum
398 3209 490 3274 l'acile
511 3209 719 3274 mutavimus:
742 3210 901 3292 posuimus
922 3211 965 3274 sit
987 3228 1041 3292 pro
1064 3215 1118 3275 est.

353 3309 409 3390 llp.
432 3310 481 3387 61,
507 3311 533 3373 1.
589 3309 738 3374 Haasins:
774 3310 959 3375 Desinemus
989 3310 1070 3392 quod
1103 3308 1256 3374 voluimus
1279 3307 1369 3382 velle:

271 3429 327 3494 ego
350 3411 431 3475 certe
452 3410 484 3475 id
506 3429 565 3493 ago
587 3430 688 3476 senex:
711 3411 817 3478 eadem
840 3412 919 3476 velle
942 3431 1020 3494 quae
1042 3431 1117 3493 puer
1139 3409 1235 3475 nolui.
1257 3408 1368 3473 -Ii-

270 3512 395 3575 brorum
418 3530 489 3575 mss.
513 3511 700 3577 auctoritate
724 3513 869 3579 constant
884 3513 975 3577 haee:
997 3511 1072 3577 celle
1087 3532 1164 3593 quoe
1171 3531 1256 3597 puer
1268 3509 1368 3584 volui:

272 3611 384 3693 quibus
415 3610 570 3675 immerito
603 3611 729 3693 putavit
752 3610 912 3688 Gruterus,
949 3611 1018 3690 dein
1041 3611 1136 3676 etiam
1157 3610 1318 3675 Fickertus
1339 3608 1370 3674 et

272 3711 417 3788 Hessius,
440 3711 538 3776 inesse
560 3712 682 3776 vitium.
726 3711 884 3776 1111111111
907 3713 1028 3776 veroin
1049 3731 1122 3776 voce
1141 3711 1255 3789 eodan,
1280 3729 1369 3793 quae,

272 3812 345 3894 qnia
375 3811 460 3876 aliud
492 3813 650 3902 signifieat
684 3813 778 3894 atque
807 3812 940 3876 editores
969 3812 1145 3888 voluerunt,
1174 3830 1278 3876 omnes
1304 3810 1370 3874 fru-

271 3915 370 3978 111111
393 3914 448 3992 est,
472 3914 647 3996 quicunque
668 3914 784 3978 iustum
807 3913 838 3977 et
860 3913 917 3977 hoc
939 3913 1087 3996 scriptore
1102 3913 1232 3997 dignum
1247 3913 1370 3977 senten·

270 4014 387 4080 tiarum
410 4033 538 4079 acumen
559 4014 722 4080 restituere
743 4013 846 4078 conati
868 4014 950 4077 sunt.
992 4015 1058 4097 ligo
1073 4013 1098 4077 si
1113 4011 1261 4078 ediderim
1276 4011 1370 4077 Sene·

271 4133 349 4191 cam,
372 4115 561 4198 scripserim:
584 4136 620 4180 ea
642 4116 721 4180 desii
742 4115 829 4192 velle,
853 4133 932 4195 qnae
952 4133 1027 4196 puer
1047 4113 1141 4179 volui.
1193 4112 1287 4178 Error
1307 4111 1368 4178 fuit

272 4214 448 4295 facillimus,
484 4215 596 4298 quibus
622 4214 812 4302 temporibus
842 4209 923 4280 ἰῶτα
947 4234 1001 4286 suo
1024 4215 1141 4285 careret
1164 4212 1278 4302 puncto
1302 4211 1366 4278 sive

271 4315 384 4386 lineola
405 4317 595 4389 distinctiva.
