3194 5030
831 421 872 482 34

300 620 488 706 significant,
511 621 579 685 tum
594 622 718 703 propter
732 620 829 704 ipsius
850 622 995 687 naturam
1015 640 1070 686 nec
1084 621 1220 686 lacerare
1235 621 1399 704 quisquam

301 722 428 788 audebit
450 739 506 787 nec
527 741 545 786 a
568 721 670 786 fronte
696 722 794 785 totius
818 722 915 804 operis
948 720 1106 804 depellere.
1150 722 1187 785 In
1207 721 1273 803 ipso
1295 722 1399 787 autem

300 824 360 888 isto
396 841 520 905 corpore
556 822 672 888 servati
705 822 821 886 ordinis
848 822 924 888 haee
955 821 1096 886 Ionasius
1117 841 1145 904 p.
1161 823 1201 886 63
1222 822 1399 888 testimonia

301 924 437 1008 collegit,
460 924 572 1006 quibus
584 922 794 1001 confirmatur,
817 922 970 987 decimam
991 923 1060 1004 post
1082 942 1196 988 nonam
1220 922 1396 1005 (coll.10.l

305 1051 338 1080 =
354 1024 446 1106 9,18)
470 1023 649 1088 vicesimam
674 1023 743 1105 post
766 1021 1047 1087 duodevicesimam
1071 1023 1153 1103 (coll.
1165 1025 1215 1101 20,
1230 1024 1353 1099 3:18,
1366 1023 1398 1105 5)

300 1126 478 1192 vicesimam
519 1125 637 1188 sextam
670 1125 740 1206 post
775 1123 990 1189 duodecimam
1023 1123 1106 1200 (coll.
1128 1126 1178 1203 26,
1213 1126 1229 1189 1
1268 1150 1301 1181 =
1346 1125 1398 1207 12)

299 1227 447 1308 scriptam
469 1244 541 1290 esse.
585 1224 729 1289 Alterum
760 1226 863 1290 autem
886 1225 932 1289 est
955 1224 1036 1307 quod
1055 1224 1153 1307 primo
1176 1225 1287 1290 obtutu
1310 1225 1400 1289 cuili-

298 1329 375 1392 libet
396 1326 532 1409 apparet,
570 1344 634 1390 esse
654 1327 688 1389 in
715 1327 799 1390 omni
831 1327 885 1391 illo
911 1327 1080 1392 Moralium
1107 1347 1196 1409 opere
1218 1346 1286 1392 eum
1311 1327 1398 1409 quasi

299 1446 505 1511 progressum,
538 1426 574 1489 ut
598 1426 631 1489 in
656 1426 757 1508 priore
788 1428 876 1509 parte
900 1428 1030 1494 dimidia
1051 1429 1175 1511 propria
1197 1428 1399 1510 epistrdarum

299 1530 411 1593 natura
434 1527 535 1610 magis
552 1546 648 1609 quam
668 1528 701 1591 in
724 1528 822 1594 altera
852 1530 974 1593 servata
999 1529 1093 1611 atque
1125 1548 1264 1612 expressa
1286 1530 1400 1594 habea-

299 1631 369 1705 tu1·;
390 1629 423 1691 in
442 1628 610 1712 posteriore
631 1628 747 1693 multas
768 1629 807 1693 ad
830 1630 1128 1694 commentationum
1145 1631 1276 1694 formam
1299 1629 1399 1696 ambi·

299 1731 428 1811 tumque
462 1727 592 1805 extendi,
629 1747 761 1809 quarum
791 1730 959 1794 nonnullae
990 1729 1043 1812 (94
1065 1731 1171 1813 6195)
1204 1731 1399 1814 dialogorum

301 1828 495 1914 quorundam
517 1830 556 1908 (Ι.
570 1828 611 1892 ΙΙ.
628 1828 687 1907 lX)
721 1829 970 1912 magnitudinem
993 1831 1056 1895 sere
1080 1833 1284 1913 assequantur
1306 1833 1399 1915 atque

299 1932 477 2015 exaequent.
511 1931 604 1995 lllam
626 1930 730 1994 autern
752 1932 870 2012 partem
884 1931 994 1996 merito
1016 1932 1149 2013 priorem
1172 1934 1276 1997 locum
1297 1934 1400 1997 tenere

300 2034 432 2111 constat,
459 2032 605 2115 quoniam
640 2029 766 2112 quidem
793 2033 1031 2096 consentaneum
1060 2033 1107 2097 est
1130 2033 1230 2114 primo
1252 2033 1285 2098 id
1307 2033 1400 2096 fuisse

299 2133 419 2200 auctori
449 2131 621 2208 consilium,
652 2131 687 2195 ut
719 2130 817 2196 iustas
840 2131 986 2196 scriberet
1009 2133 1166 2214 epistulas.
1211 2133 1256 2198 cf.
1282 2134 1399 2210 31118.

300 2235 350 2313 45,
370 2235 408 2297 13
430 2234 505 2298 extr.
529 2232 578 2310 58,
596 2231 646 2294 37.
793 2234 796 2238 ’

403 2334 499 2410 Haec,
522 2350 600 2414 quae
629 2329 667 2393 de
689 2331 812 2395 servato
842 2330 948 2394 ordine
975 2330 1047 2409 diri,
1071 2331 1111 2396 ad
1130 2351 1284 2397 summam
1306 2351 1400 2415 quae-

299 2435 410 2501 stionis
431 2434 584 2516 pertinere
606 2431 692 2496 volo:
728 2431 837 2496 statim
859 2431 1014 2496 enimvero
1036 2433 1310 2498 demonstrandum
1330 2434 1399 2509 erit,

297 2535 432 2618 singulis
454 2534 576 2616 aliquot
597 2533 673 2598 locis
694 2532 751 2596 etsi
774 2551 834 2598 uon
857 2533 995 2615 graviter
1020 2533 1129 2599 violati
1158 2535 1263 2600 tamen
1285 2535 1400 2600 mutati

301 2636 417 2702 ordinis
438 2635 554 2699 indicia
576 2633 711 2714 reperiri.
733 2633 771 2696 ln
794 2632 949 2698 codicibus
972 2633 1097 2715 quidem
1118 2627 1171 2712 eis,
1193 2635 1246 2717 qui
1259 2635 1400 2700 Fickerto

299 2738 477 2819 Haasioque
512 2733 579 2799 noti
609 2734 744 2811 fuerunt,
771 2733 887 2798 frustra
904 2734 926 2815 ¹)
969 2735 1145 2816 quaesieris.
1208 2734 1293 2817 Quae
1329 2753 1400 2799 vero

301 2837 434 2914 aliunde,
467 2855 483 2900 6
515 2836 635 2900 diverso
658 2833 770 2911 codice,
803 2833 967 2898 videbatur·
989 2835 1061 2899 buic
1085 2836 1258 2917 quaestioni
1279 2837 1331 2900 lux
1353 2836 1401 2900 as·

298 2938 403 3003 tundi:
431 2937 485 3002 ubi
507 2935 632 3018 propius
655 2934 706 2998 sar
724 2933 850 2998 admota
873 2934 919 2997 cst
953 2931 1073 2996 fumum
1095 2952 1149 3014 pro
1172 2934 1293 3017 fulgore
1315 2933 1400 2997 dedit

299 3042 444 3106 extincta.
478 3037 602 3102 Etenim
618 3035 798 3100 Buecheleri
827 3033 979 3116 singulari
1001 3034 1194 3116 benignitate
1215 3035 1291 3098 mihi
1311 3034 1401 3098 licuit

301 3143 436 3208 codicem
460 3139 638 3203 Leidensem
659 3137 731 3214 (191
747 3136 788 3218 Β)
811 3156 829 3200 a
863 3134 1026 3217 praesectis
1047 3135 1112 3198 eius
1132 3135 1340 3201 bibliothecae
1361 3135 1401 3199 li-

298 3243 490 3309 beralissime
519 3240 579 3303 hue
613 3238 742 3302 missum
770 3237 926 3317 inspicere,
958 3235 1010 3316 qui
1039 3236 1160 3317 praeter
1192 3236 1399 3301 ecclesiastica

300 3342 451 3427 quaedam
473 3340 643 3405 continete
666 3338 760 3403 uariis
781 3337 983 3420 scriptoribus
1007 3336 1123 3414 latinis,
1147 3336 1250 3400 Plinio
1271 3337 1399 3414 iuniore,

299 3443 458 3519 Sallustio,
482 3441 614 3506 maxime
636 3440 740 3503 autem
768 3457 783 3502 6
807 3437 937 3502 Senecae
958 3437 1045 3501 libris
1070 3438 1101 3500 61
1132 3437 1349 3519 philosophicis
1370 3439 1401 3502 et

301 3545 428 3628 poeticis
461 3541 611 3623 excerpta.
669 3538 805 3618 Quorum
826 3557 905 3619 quae
935 3557 970 3602 ex
992 3536 1134 3618 epistulis
1157 3537 1326 3602 moralibus
1348 3537 1400 3601 de·

301 3646 426 3728 sumpta
456 3644 529 3709 sunt
565 3641 597 3705 iu
619 3641 696 3705 duas
724 3641 827 3720 partes
861 3638 1052 3715 diuiduntur,
1085 3656 1214 3718 qrrarum
1247 3638 1279 3700 in
1302 3637 1400 3702 altera

303 3747 425 3812 exstant
440 3744 580 3826 excerpta
596 3761 630 3806 er
652 3759 718 3822 epp.
737 3741 854 3813 1-88;
876 3740 908 3803 iu
923 3738 1022 3802 altera
1036 3757 1070 3802 er
1085 3757 1150 3820 epp.
1165 3739 1275 3802 1-47.
1297 3739 1401 3802 Facile

301 3847 416 3911 autem‘
432 3843 567 3926 apparet,
600 3860 678 3918 611111,
703 3839 756 3921 qui
785 3839 861 3903 llaec
892 3838 1028 3920 undique
1059 3838 1210 3920 decerpsit
1232 3838 1317 3917 folia,
1339 3857 1400 3902 nou

301 3965 363 4012 uno
386 3948 491 4010 tenore
511 3964 529 4009 a
550 3943 650 4024 prima
674 3959 770 4022 usque
792 3940 830 4004 ad
854 3939 998 4004 ultimam
1022 3939 1119 4003 silvae
1140 3941 1260 4020 partem
1282 3958 1402 4022 proces·

407 4249 432 4317 1)
450 4248 491 4300 De
511 4264 565 4300 uno
583 4245 640 4314 illo,
662 4245 848 4317 quodHaesio
871 4245 917 4315 (el,
936 4245 1024 4314 praei.
1042 4245 1094 4300 vol.
1105 4244 1152 4298 111.
1172 4263 1198 4314 p.
1209 4245 1237 4313 6)
1254 4241 1400 4298 videbatur

300 4354 360 4392 esse
379 4335 524 4398 indicium,
547 4333 620 4388 infra
638 4334 754 4388 dicetur.
