<?xml version="1.0" encoding="UTF-8"?>
<!DOCTYPE html PUBLIC "-//W3C//DTD XHTML 1.0 Transitional//EN"
    "http://www.w3.org/TR/xhtml1/DTD/xhtml1-transitional.dtd">
<html xmlns="http://www.w3.org/1999/xhtml" xml:lang="en" lang="en">
 <head>
  <title>
</title>
<meta http-equiv="Content-Type" content="text/html;charset=utf-8" />
  <meta name='ocr-system' content='tesseract 3.04.00' />
  <meta name='ocr-capabilities' content='ocr_page ocr_carea ocr_par ocr_line ocrx_word'/>
</head>
<body>
  <div class='ocr_page' id='page_1' title='image "./delannaeiseneca00schugoog_0034.png"; bbox 0 0 3194 5030; ppageno 0'>
   <div class='ocr_carea' id='block_1_1' title="bbox 751 397 792 460">
    <p class='ocr_par' dir='ltr' id='par_1_1' title="bbox 751 397 792 460">
     <span class='ocr_line' id='line_1_1' title="bbox 751 397 792 460; baseline 0 0"><span class='ocrx_word' id='word_1_1' title='bbox 751 397 792 460; x_wconf 88' lang='grc'>29</span> 
     </span>
    </p>
   </div>
   <div class='ocr_carea' id='block_1_2' title="bbox 219 579 1322 1466">
    <p class='ocr_par' dir='ltr' id='par_1_2' title="bbox 219 579 1322 1466">
     <span class='ocr_line' id='line_1_2' title="bbox 219 579 1318 667; baseline -0.007 -17"><span class='ocrx_word' id='word_1_2' title='bbox 219 586 356 667; x_wconf 90' lang='lat' dir='ltr'>potuisse</span> <span class='ocrx_word' id='word_1_3' title='bbox 390 585 439 647; x_wconf 90' lang='lat' dir='ltr'>tot</span> <span class='ocrx_word' id='word_1_4' title='bbox 462 584 609 664; x_wconf 80' lang='lat' dir='ltr'><strong>epistulas</strong></span> <span class='ocrx_word' id='word_1_5' title='bbox 638 583 722 646; x_wconf 89' lang='lat' dir='ltr'>intra</span> <span class='ocrx_word' id='word_1_6' title='bbox 754 583 819 644; x_wconf 89' lang='lat' dir='ltr'>tam</span> <span class='ocrx_word' id='word_1_7' title='bbox 843 599 972 661; x_wconf 85' lang='lat' dir='ltr'>parvum</span> <span class='ocrx_word' id='word_1_8' title='bbox 1003 579 1150 661; x_wconf 87' lang='lat' dir='ltr'>temporis</span> <span class='ocrx_word' id='word_1_9' title='bbox 1172 579 1318 660; x_wconf 83' lang='lat' dir='ltr'>spatium,</span> 
     </span>
     <span class='ocr_line' id='line_1_3' title="bbox 221 679 1319 768; baseline -0.005 -18"><span class='ocrx_word' id='word_1_10' title='bbox 221 705 313 768; x_wconf 87' lang='lat' dir='ltr'>quam</span> <span class='ocrx_word' id='word_1_11' title='bbox 338 686 451 767; x_wconf 75' lang='lat' dir='ltr'>priores</span> <span class='ocrx_word' id='word_1_12' title='bbox 473 684 665 759; x_wconf 77' lang='lat' dir='ltr'>statuissent,</span> <span class='ocrx_word' id='word_1_13' title='bbox 687 682 804 747; x_wconf 88' lang='lat' dir='ltr'>confici.</span> <span class='ocrx_word' id='word_1_14' title='bbox 848 682 954 762; x_wconf 83' lang='lat' dir='ltr'>Longa</span> <span class='ocrx_word' id='word_1_15' title='bbox 976 679 1132 745; x_wconf 89' lang='lat' dir='ltr'>interdum</span> <span class='ocrx_word' id='word_1_16' title='bbox 1154 680 1319 744; x_wconf 87' lang='lat' dir='ltr'>intervalla</span> 
     </span>
     <span class='ocr_line' id='line_1_4' title="bbox 221 781 1319 866; baseline -0.005 -18"><span class='ocrx_word' id='word_1_17' title='bbox 221 786 303 848; x_wconf 86' lang='lat' dir='ltr'>inter</span> <span class='ocrx_word' id='word_1_18' title='bbox 325 785 465 866; x_wconf 78' lang='lat' dir='ltr'>singulas</span> <span class='ocrx_word' id='word_1_19' title='bbox 486 784 659 856; x_wconf 80' lang='lat' dir='ltr'>exstitissc3</span> <span class='ocrx_word' id='word_1_20' title='bbox 696 783 829 847; x_wconf 87' lang='lat' dir='ltr'>alterum</span> <span class='ocrx_word' id='word_1_21' title='bbox 852 781 980 844; x_wconf 90' lang='lat' dir='ltr'>alterius</span> <span class='ocrx_word' id='word_1_22' title='bbox 1002 781 1124 844; x_wconf 76' lang='lat' dir='ltr'>litteras</span> <span class='ocrx_word' id='word_1_23' title='bbox 1146 781 1319 861; x_wconf 81' lang='lat' dir='ltr'>exspectare</span> 
     </span>
     <span class='ocr_line' id='line_1_5' title="bbox 220 881 1317 966; baseline -0.006 -16"><span class='ocrx_word' id='word_1_24' title='bbox 220 887 375 962; x_wconf 75' lang='lat' dir='ltr'>debuisse,</span> <span class='ocrx_word' id='word_1_25' title='bbox 409 886 445 948; x_wconf 92' lang='lat' dir='ltr'>ut</span> <span class='ocrx_word' id='word_1_26' title='bbox 466 884 647 966; x_wconf 89' lang='lat' dir='ltr'>respondere</span> <span class='ocrx_word' id='word_1_27' title='bbox 683 885 794 964; x_wconf 91' lang='lat' dir='ltr'>posset.</span> <span class='ocrx_word' id='word_1_28' title='bbox 848 882 989 962; x_wconf 87' lang='lat' dir='ltr'>Denique</span> <span class='ocrx_word' id='word_1_29' title='bbox 1030 900 1099 945; x_wconf 93' lang='lat' dir='ltr'>cum</span> <span class='ocrx_word' id='word_1_30' title='bbox 1138 881 1317 962; x_wconf 87' lang='lat' dir='ltr'>praesertim</span> 
     </span>
     <span class='ocr_line' id='line_1_6' title="bbox 220 982 1320 1069; baseline -0.005 -19"><span class='ocrx_word' id='word_1_31' title='bbox 220 988 314 1069; x_wconf 78' lang='lat' dir='ltr'>longo</span> <span class='ocrx_word' id='word_1_32' title='bbox 336 987 436 1068; x_wconf 90' lang='lat' dir='ltr'>spatio</span> <span class='ocrx_word' id='word_1_33' title='bbox 466 987 505 1052; x_wconf 86' lang='lat' dir='ltr'>ab</span> <span class='ocrx_word' id='word_1_34' title='bbox 534 986 634 1050; x_wconf 86' lang='lat' dir='ltr'>amico</span> <span class='ocrx_word' id='word_1_35' title='bbox 662 986 780 1048; x_wconf 90' lang='lat' dir='ltr'>amicus</span> <span class='ocrx_word' id='word_1_36' title='bbox 811 983 928 1046; x_wconf 87' lang='lat' dir='ltr'>divisus</span> <span class='ocrx_word' id='word_1_37' title='bbox 957 982 1047 1059; x_wconf 82' lang='lat' dir='ltr'>esset,</span> <span class='ocrx_word' id='word_1_38' title='bbox 1072 1001 1124 1064; x_wconf 90' lang='lat' dir='ltr'>per</span> <span class='ocrx_word' id='word_1_39' title='bbox 1147 983 1320 1063; x_wconf 88' lang='lat' dir='ltr'>quinquen-</span> 
     </span>
     <span class='ocr_line' id='line_1_7' title="bbox 222 1079 1320 1149; baseline -0.004 0"><span class='ocrx_word' id='word_1_40' title='bbox 222 1087 308 1149; x_wconf 86' lang='lat' dir='ltr'>nium</span> <span class='ocrx_word' id='word_1_41' title='bbox 328 1086 391 1149; x_wconf 88' lang='lat' dir='ltr'>fere</span> <span class='ocrx_word' id='word_1_42' title='bbox 409 1085 527 1149; x_wconf 91' lang='lat' dir='ltr'>iudicat</span> <span class='ocrx_word' id='word_1_43' title='bbox 552 1085 583 1148; x_wconf 94' lang='lat' dir='ltr'>id</span> <span class='ocrx_word' id='word_1_44' title='bbox 599 1084 776 1149; x_wconf 88' lang='lat' dir='ltr'>litterarum</span> <span class='ocrx_word' id='word_1_45' title='bbox 790 1079 1006 1147; x_wconf 77' lang='lat' dir='ltr'>commercium</span> <span class='ocrx_word' id='word_1_46' title='bbox 1022 1083 1127 1146; x_wconf 90' lang='lat' dir='ltr'>actum</span> <span class='ocrx_word' id='word_1_47' title='bbox 1150 1099 1222 1145; x_wconf 89' lang='lat' dir='ltr'>esse.</span> <span class='ocrx_word' id='word_1_48' title='bbox 1245 1081 1320 1146; x_wconf 86' lang='lat' dir='ltr'>Tale</span> 
     </span>
     <span class='ocr_line' id='line_1_8' title="bbox 222 1182 1321 1268; baseline -0.003 -18"><span class='ocrx_word' id='word_1_49' title='bbox 222 1186 345 1268; x_wconf 81' lang='lat' dir='ltr'>&lt;pridem</span> <span class='ocrx_word' id='word_1_50' title='bbox 370 1186 586 1250; x_wconf 88' lang='lat' dir='ltr'>commercium</span> <span class='ocrx_word' id='word_1_51' title='bbox 618 1184 643 1246; x_wconf 91' lang='lat' dir='ltr'>si</span> <span class='ocrx_word' id='word_1_52' title='bbox 666 1183 846 1264; x_wconf 81' lang='lat' dir='ltr'>cogitemus,</span> <span class='ocrx_word' id='word_1_53' title='bbox 870 1184 905 1245; x_wconf 92' lang='lat' dir='ltr'>ut</span> <span class='ocrx_word' id='word_1_54' title='bbox 928 1182 1060 1264; x_wconf 84' lang='lat' dir='ltr'>singulis</span> <span class='ocrx_word' id='word_1_55' title='bbox 1082 1182 1174 1246; x_wconf 93' lang='lat' dir='ltr'>unius</span> <span class='ocrx_word' id='word_1_56' title='bbox 1196 1183 1235 1248; x_wconf 86' lang='lat' dir='ltr'>ad</span> <span class='ocrx_word' id='word_1_57' title='bbox 1257 1184 1321 1247; x_wconf 90' lang='lat' dir='ltr'>sin-</span> 
     </span>
     <span class='ocr_line' id='line_1_9' title="bbox 222 1273 1322 1368; baseline -0.001 -21"><span class='ocrx_word' id='word_1_58' title='bbox 222 1286 311 1368; x_wconf 82' lang='lat' dir='ltr'>gulas</span> <span class='ocrx_word' id='word_1_59' title='bbox 334 1285 461 1348; x_wconf 89' lang='lat' dir='ltr'>alterius</span> <span class='ocrx_word' id='word_1_60' title='bbox 485 1284 634 1365; x_wconf 83' lang='lat' dir='ltr'>epistulas</span> <span class='ocrx_word' id='word_1_61' title='bbox 656 1303 833 1364; x_wconf 88' lang='lat' dir='ltr'>responsum</span> <span class='ocrx_word' id='word_1_62' title='bbox 856 1284 908 1359; x_wconf 84' lang='lat' dir='ltr'>sn,</span> <span class='ocrx_word' id='word_1_63' title='bbox 929 1303 984 1363; x_wconf 75' lang='lat' dir='ltr'>ego</span> <span class='ocrx_word' id='word_1_64' title='bbox 1008 1301 1119 1364; x_wconf 80' lang='lat' dir='ltr'>negare</span> <span class='ocrx_word' id='word_1_65' title='bbox 1141 1301 1202 1346; x_wconf 91' lang='lat' dir='ltr'>non</span> <span class='ocrx_word' id='word_1_66' title='bbox 1222 1273 1322 1346; x_wconf 77' lang='lat' dir='ltr'>arisim</span> 
     </span>
     <span class='ocr_line' id='line_1_10' title="bbox 222 1382 1319 1466; baseline -0.001 -17"><span class='ocrx_word' id='word_1_67' title='bbox 222 1404 274 1466; x_wconf 89' lang='lat' dir='ltr'>per</span> <span class='ocrx_word' id='word_1_68' title='bbox 296 1386 420 1450; x_wconf 90' lang='lat' dir='ltr'>tantum</span> <span class='ocrx_word' id='word_1_69' title='bbox 442 1385 489 1448; x_wconf 89' lang='lat' dir='ltr'>vel</span> <span class='ocrx_word' id='word_1_70' title='bbox 512 1384 606 1448; x_wconf 90' lang='lat' dir='ltr'>etiarn</span> <span class='ocrx_word' id='word_1_71' title='bbox 629 1384 698 1465; x_wconf 90' lang='lat' dir='ltr'>plus</span> <span class='ocrx_word' id='word_1_72' title='bbox 717 1388 738 1461; x_wconf 79' lang='lat'>¹)</span> <span class='ocrx_word' id='word_1_73' title='bbox 764 1385 910 1465; x_wconf 89' lang='lat' dir='ltr'>temporis</span> <span class='ocrx_word' id='word_1_74' title='bbox 935 1385 965 1447; x_wconf 93' lang='lat' dir='ltr'>id</span> <span class='ocrx_word' id='word_1_75' title='bbox 980 1384 1196 1448; x_wconf 89' lang='lat' dir='ltr'>continuatum</span> <span class='ocrx_word' id='word_1_76' title='bbox 1217 1382 1319 1448; x_wconf 86' lang='lat' dir='ltr'>t&#39;uissc.</span> 
     </span>
    </p>
   </div>
   <div class='ocr_carea' id='block_1_3' title="bbox 173 1685 1371 2374">
    <p class='ocr_par' dir='ltr' id='par_1_3' title="bbox 173 1685 1371 2374">
     <span class='ocr_line' id='line_1_11' title="bbox 325 1685 1321 1757; baseline 0.002 -17"><span class='ocrx_word' id='word_1_77' title='bbox 325 1692 350 1757; x_wconf 80' lang='lat'>1)</span> <span class='ocrx_word' id='word_1_78' title='bbox 368 1689 500 1742; x_wconf 77' lang='lat' dir='ltr'>Senecam</span> <span class='ocrx_word' id='word_1_79' title='bbox 530 1688 639 1756; x_wconf 91' lang='lat' dir='ltr'>quidem</span> <span class='ocrx_word' id='word_1_80' title='bbox 669 1689 770 1741; x_wconf 85' lang='lat' dir='ltr'>scimus</span> <span class='ocrx_word' id='word_1_81' title='bbox 797 1685 978 1756; x_wconf 79' lang='lat' dir='ltr'>epistularum</span> <span class='ocrx_word' id='word_1_82' title='bbox 1008 1705 1135 1754; x_wconf 77' lang='lat' dir='ltr'>magnam</span> <span class='ocrx_word' id='word_1_83' title='bbox 1160 1694 1269 1757; x_wconf 88' lang='lat' dir='ltr'>partem</span> <span class='ocrx_word' id='word_1_84' title='bbox 1288 1706 1321 1742; x_wconf 74' lang='lat' dir='ltr'>ea·</span> 
     </span>
     <span class='ocr_line' id='line_1_12' title="bbox 224 1775 1322 1846; baseline 0 -16"><span class='ocrx_word' id='word_1_85' title='bbox 224 1778 333 1836; x_wconf 80' lang='lat' dir='ltr'>itinere.</span> <span class='ocrx_word' id='word_1_86' title='bbox 352 1776 485 1846; x_wconf 81' lang='lat' dir='ltr'>qrrudper</span> <span class='ocrx_word' id='word_1_87' title='bbox 499 1776 676 1844; x_wconf 77' lang='lat' dir='ltr'>Campaniam</span> <span class='ocrx_word' id='word_1_88' title='bbox 697 1775 770 1836; x_wconf 85' lang='lat' dir='ltr'>lecit,</span> <span class='ocrx_word' id='word_1_89' title='bbox 792 1776 935 1843; x_wconf 84' lang='lat' dir='ltr'>scripsisse</span> <span class='ocrx_word' id='word_1_90' title='bbox 954 1777 1098 1843; x_wconf 78' lang='lat' dir='ltr'>(es-se);</span> <span class='ocrx_word' id='word_1_91' title='bbox 1117 1777 1185 1830; x_wconf 87' lang='lat' dir='ltr'>alias</span> <span class='ocrx_word' id='word_1_92' title='bbox 1204 1777 1322 1830; x_wconf 82' lang='lat' dir='ltr'>tortasse</span> 
     </span>
     <span class='ocr_line' id='line_1_13' title="bbox 223 1863 1319 1936; baseline 0 -18"><span class='ocrx_word' id='word_1_93' title='bbox 223 1866 297 1918; x_wconf 89' lang='lat' dir='ltr'>haud</span> <span class='ocrx_word' id='word_1_94' title='bbox 316 1881 452 1934; x_wconf 78' lang='lat' dir='ltr'>peuense</span> <span class='ocrx_word' id='word_1_95' title='bbox 479 1865 653 1916; x_wconf 79' lang='lat' dir='ltr'>Nomentano</span> <span class='ocrx_word' id='word_1_96' title='bbox 673 1881 732 1920; x_wconf 84' lang='lat' dir='ltr'>suo.</span> <span class='ocrx_word' id='word_1_97' title='bbox 760 1863 834 1930; x_wconf 93' lang='lat' dir='ltr'>quod</span> <span class='ocrx_word' id='word_1_98' title='bbox 859 1863 991 1930; x_wconf 91' lang='lat' dir='ltr'>oppidum</span> <span class='ocrx_word' id='word_1_99' title='bbox 1018 1863 1099 1916; x_wconf 88' lang='lat' dir='ltr'>hodic</span> <span class='ocrx_word' id='word_1_100' title='bbox 1120 1882 1172 1918; x_wconf 89' lang='lat' dir='ltr'>non</span> <span class='ocrx_word' id='word_1_101' title='bbox 1192 1866 1319 1936; x_wconf 86' lang='lat' dir='ltr'>ignotum</span> 
     </span>
     <span class='ocr_line' id='line_1_14' title="bbox 224 1950 1322 2019; baseline 0 -13"><span class='ocrx_word' id='word_1_102' title='bbox 224 1954 262 2006; x_wconf 84' lang='lat' dir='ltr'>&#39;la</span> <span class='ocrx_word' id='word_1_103' title='bbox 281 1950 417 2006; x_wconf 83' lang='lat' dir='ltr'>Montana&#39;</span> <span class='ocrx_word' id='word_1_104' title='bbox 438 1953 465 2005; x_wconf 89' lang='lat' dir='ltr'>in</span> <span class='ocrx_word' id='word_1_105' title='bbox 481 1953 589 2006; x_wconf 85' lang='lat' dir='ltr'>Sabinis</span> <span class='ocrx_word' id='word_1_106' title='bbox 609 1954 693 2006; x_wconf 87' lang='lat' dir='ltr'>situm</span> <span class='ocrx_word' id='word_1_107' title='bbox 708 1953 795 2005; x_wconf 82' lang='lat' dir='ltr'>Roma</span> <span class='ocrx_word' id='word_1_108' title='bbox 815 1952 908 2004; x_wconf 83' lang='lat' dir='ltr'>distat.</span> <span class='ocrx_word' id='word_1_109' title='bbox 925 1952 958 2004; x_wconf 91' lang='lat' dir='ltr'>M.</span> <span class='ocrx_word' id='word_1_110' title='bbox 977 1951 1005 2003; x_wconf 91' lang='lat' dir='ltr'>P.</span> <span class='ocrx_word' id='word_1_111' title='bbox 1023 1951 1093 2005; x_wconf 81' lang='lat' dir='ltr'>xlv.</span> <span class='ocrx_word' id='word_1_112' title='bbox 1113 1953 1159 2019; x_wconf 85' lang='lat' dir='ltr'>(ei.</span> <span class='ocrx_word' id='word_1_113' title='bbox 1179 1955 1235 2006; x_wconf 91' lang='lat' dir='ltr'>tab.</span> <span class='ocrx_word' id='word_1_114' title='bbox 1254 1953 1322 2006; x_wconf 86' lang='lat' dir='ltr'>Peu-</span> 
     </span>
     <span class='ocr_line' id='line_1_15' title="bbox 173 2034 1321 2110; baseline 0.001 -16"><span class='ocrx_word' id='word_1_115' title='bbox 173 2034 178 2042; x_wconf 69' lang='grc'><strong><em>’</em></strong></span> <span class='ocrx_word' id='word_1_116' title='bbox 224 2043 294 2110; x_wconf 86' lang='lat' dir='ltr'>ting.</span> <span class='ocrx_word' id='word_1_117' title='bbox 314 2041 443 2094; x_wconf 78' lang='lat' dir='ltr'>D’Urlsan</span> <span class='ocrx_word' id='word_1_118' title='bbox 475 2041 576 2093; x_wconf 75' lang='lat' dir='ltr'>recueil</span> <span class='ocrx_word' id='word_1_119' title='bbox 607 2040 654 2092; x_wconf 72' lang='lat' dir='ltr'>dus</span> <span class='ocrx_word' id='word_1_120' title='bbox 676 2040 766 2092; x_wconf 80' lang='lat' dir='ltr'>itiner.</span> <span class='ocrx_word' id='word_1_121' title='bbox 797 2059 855 2093; x_wconf 86' lang='lat' dir='ltr'>auc.</span> <span class='ocrx_word' id='word_1_122' title='bbox 882 2059 908 2109; x_wconf 85' lang='lat' dir='ltr'>p.</span> <span class='ocrx_word' id='word_1_123' title='bbox 923 2043 1005 2107; x_wconf 74' lang='lat'>203);</span> <span class='ocrx_word' id='word_1_124' title='bbox 1025 2040 1143 2109; x_wconf 86' lang='lat' dir='ltr'>denique</span> <span class='ocrx_word' id='word_1_125' title='bbox 1161 2059 1194 2094; x_wconf 89' lang='lat' dir='ltr'>ex</span> <span class='ocrx_word' id='word_1_126' title='bbox 1213 2042 1321 2095; x_wconf 81' lang='lat' dir='ltr'>Albano</span> 
     </span>
     <span class='ocr_line' id='line_1_16' title="bbox 222 2128 1319 2200; baseline 0.002 -21"><span class='ocrx_word' id='word_1_127' title='bbox 222 2148 271 2183; x_wconf 78' lang='lat' dir='ltr'>suo</span> <span class='ocrx_word' id='word_1_128' title='bbox 290 2131 329 2197; x_wconf 84' lang='lat' dir='ltr'>(el&#39;</span> <span class='ocrx_word' id='word_1_129' title='bbox 352 2132 412 2194; x_wconf 61' lang='lat' dir='ltr'>l2sst)</span> <span class='ocrx_word' id='word_1_130' title='bbox 432 2129 585 2182; x_wconf 82' lang='lat' dir='ltr'>nonnullas.</span> <span class='ocrx_word' id='word_1_131' title='bbox 631 2129 660 2180; x_wconf 95' lang='lat' dir='ltr'>ln</span> <span class='ocrx_word' id='word_1_132' title='bbox 680 2129 741 2180; x_wconf 87' lang='lat' dir='ltr'>aliis</span> <span class='ocrx_word' id='word_1_133' title='bbox 762 2128 848 2187; x_wconf 81' lang='lat' dir='ltr'>(velut</span> <span class='ocrx_word' id='word_1_134' title='bbox 867 2130 892 2192; x_wconf 81' lang='lat'>7,</span> <span class='ocrx_word' id='word_1_135' title='bbox 908 2131 936 2194; x_wconf 71' lang='lat'>3)</span> <span class='ocrx_word' id='word_1_136' title='bbox 957 2136 1022 2180; x_wconf 86' lang='lat' dir='ltr'>sunt</span> <span class='ocrx_word' id='word_1_137' title='bbox 1042 2128 1182 2182; x_wconf 84' lang='lat' dir='ltr'>Rornauae</span> <span class='ocrx_word' id='word_1_138' title='bbox 1201 2131 1319 2200; x_wconf 86' lang='lat' dir='ltr'>originis</span> 
     </span>
     <span class='ocr_line' id='line_1_17' title="bbox 225 2209 1371 2286; baseline 0.002 -16"><span class='ocrx_word' id='word_1_139' title='bbox 225 2218 333 2272; x_wconf 88' lang='lat' dir='ltr'>indicia.</span> <span class='ocrx_word' id='word_1_140' title='bbox 376 2218 513 2271; x_wconf 86' lang='lat' dir='ltr'>Lucilium</span> <span class='ocrx_word' id='word_1_141' title='bbox 542 2216 652 2269; x_wconf 85' lang='lat' dir='ltr'>Siciliae</span> <span class='ocrx_word' id='word_1_142' title='bbox 681 2222 892 2285; x_wconf 87' lang='lat' dir='ltr'>procuratorem</span> <span class='ocrx_word' id='word_1_143' title='bbox 921 2221 989 2286; x_wconf 92' lang='lat' dir='ltr'>puto</span> <span class='ocrx_word' id='word_1_144' title='bbox 1007 2217 1147 2284; x_wconf 78' lang='lat' dir='ltr'>Syracusis</span> <span class='ocrx_word' id='word_1_145' title='bbox 1166 2218 1320 2284; x_wconf 86' lang='lat' dir='ltr'>habitasse;</span> <span class='ocrx_word' id='word_1_146' title='bbox 1367 2209 1371 2216; x_wconf 53' lang='lat'>¹</span> 
     </span>
     <span class='ocr_line' id='line_1_18' title="bbox 222 2304 1321 2374; baseline 0.001 -16"><span class='ocrx_word' id='word_1_147' title='bbox 222 2307 275 2359; x_wconf 84' lang='lat' dir='ltr'>fuit</span> <span class='ocrx_word' id='word_1_148' title='bbox 293 2311 386 2359; x_wconf 86' lang='lat' dir='ltr'>tamon</span> <span class='ocrx_word' id='word_1_149' title='bbox 408 2306 432 2358; x_wconf 86' lang='lat' dir='ltr'>is</span> <span class='ocrx_word' id='word_1_150' title='bbox 454 2323 563 2374; x_wconf 88' lang='lat' dir='ltr'>quoque</span> <span class='ocrx_word' id='word_1_151' title='bbox 584 2306 641 2358; x_wconf 83' lang='lat' dir='ltr'>sire</span> <span class='ocrx_word' id='word_1_152' title='bbox 660 2304 853 2358; x_wconf 82' lang='lat' dir='ltr'>delectationis</span> <span class='ocrx_word' id='word_1_153' title='bbox 871 2308 952 2358; x_wconf 83' lang='lat' dir='ltr'>causa</span> <span class='ocrx_word' id='word_1_154' title='bbox 973 2306 1031 2358; x_wconf 88' lang='lat' dir='ltr'>sive</span> <span class='ocrx_word' id='word_1_155' title='bbox 1052 2311 1168 2374; x_wconf 86' lang='lat' dir='ltr'>propter</span> <span class='ocrx_word' id='word_1_156' title='bbox 1186 2323 1321 2374; x_wconf 88' lang='lat' dir='ltr'>procura-</span> 
     </span>
    </p>
   </div>
   <div class='ocr_carea' id='block_1_4' title="bbox 131 2393 1321 2462">
    <p class='ocr_par' dir='ltr' id='par_1_4' title="bbox 131 2393 1321 2462">
     <span class='ocr_line' id='line_1_19' title="bbox 131 2393 1321 2462; baseline 0.004 -16"><span class='ocrx_word' id='word_1_157' title='bbox 131 2397 134 2403; x_wconf 74' lang='lat'>‘</span> <span class='ocrx_word' id='word_1_158' title='bbox 222 2396 307 2447; x_wconf 82' lang='lat' dir='ltr'>tionis</span> <span class='ocrx_word' id='word_1_159' title='bbox 343 2394 451 2448; x_wconf 81' lang='lat' dir='ltr'>cilicia.</span> <span class='ocrx_word' id='word_1_160' title='bbox 483 2394 566 2446; x_wconf 84' lang='lat' dir='ltr'>variis</span> <span class='ocrx_word' id='word_1_161' title='bbox 601 2393 750 2446; x_wconf 83' lang='lat' dir='ltr'>itineribus</span> <span class='ocrx_word' id='word_1_162' title='bbox 782 2398 934 2462; x_wconf 87' lang='lat' dir='ltr'>occupatus</span> <span class='ocrx_word' id='word_1_163' title='bbox 963 2393 1046 2461; x_wconf 74' lang='lat' dir='ltr'>(esa.</span> <span class='ocrx_word' id='word_1_164' title='bbox 1068 2397 1089 2447; x_wconf 94' lang='lat' dir='ltr'>l.</span> <span class='ocrx_word' id='word_1_165' title='bbox 1119 2397 1199 2458; x_wconf 80' lang='lat' dir='ltr'>tS‚l.</span> <span class='ocrx_word' id='word_1_166' title='bbox 1228 2397 1321 2455; x_wconf 84' lang='lat' dir='ltr'>69,1.t</span> 
     </span>
    </p>
   </div>
   <div class='ocr_carea' id='block_1_5' title="bbox 222 2480 1359 3876">
    <p class='ocr_par' dir='ltr' id='par_1_5' title="bbox 222 2480 1359 3876">
     <span class='ocr_line' id='line_1_20' title="bbox 222 2480 1318 2550; baseline 0.002 -15"><span class='ocrx_word' id='word_1_167' title='bbox 222 2483 291 2535; x_wconf 88' lang='lat' dir='ltr'>Sunt</span> <span class='ocrx_word' id='word_1_168' title='bbox 310 2491 402 2535; x_wconf 78' lang='lat' dir='ltr'>niuem</span> <span class='ocrx_word' id='word_1_169' title='bbox 424 2483 509 2534; x_wconf 81' lang='lat' dir='ltr'>ltonra</span> <span class='ocrx_word' id='word_1_170' title='bbox 535 2480 667 2550; x_wconf 83' lang='lat' dir='ltr'>profectis</span> <span class='ocrx_word' id='word_1_171' title='bbox 688 2487 715 2533; x_wconf 89' lang='lat' dir='ltr'>et</span> <span class='ocrx_word' id='word_1_172' title='bbox 734 2485 777 2534; x_wconf 86' lang='lat' dir='ltr'>via</span> <span class='ocrx_word' id='word_1_173' title='bbox 798 2482 890 2550; x_wconf 84' lang='lat' dir='ltr'>Appia</span> <span class='ocrx_word' id='word_1_174' title='bbox 910 2483 1029 2550; x_wconf 86' lang='lat' dir='ltr'>Capuam</span> <span class='ocrx_word' id='word_1_175' title='bbox 1063 2500 1148 2550; x_wconf 88' lang='lat' dir='ltr'>usquc</span> <span class='ocrx_word' id='word_1_176' title='bbox 1167 2500 1198 2536; x_wconf 88' lang='lat' dir='ltr'>ac</span> <span class='ocrx_word' id='word_1_177' title='bbox 1218 2483 1318 2537; x_wconf 87' lang='lat' dir='ltr'>deiude</span> 
     </span>
     <span class='ocr_line' id='line_1_21' title="bbox 225 2569 1320 2639; baseline 0.002 -17"><span class='ocrx_word' id='word_1_178' title='bbox 225 2589 275 2639; x_wconf 86' lang='lat' dir='ltr'>per</span> <span class='ocrx_word' id='word_1_179' title='bbox 292 2570 391 2624; x_wconf 88' lang='lat' dir='ltr'>Nolam</span> <span class='ocrx_word' id='word_1_180' title='bbox 419 2586 451 2622; x_wconf 85' lang='lat' dir='ltr'>ac</span> <span class='ocrx_word' id='word_1_181' title='bbox 467 2569 642 2622; x_wconf 88' lang='lat' dir='ltr'>Consentium</span> <span class='ocrx_word' id='word_1_182' title='bbox 673 2569 707 2622; x_wconf 88' lang='lat' dir='ltr'>ad</span> <span class='ocrx_word' id='word_1_183' title='bbox 734 2569 904 2628; x_wconf 78' lang='lat' dir='ltr'>Columnam,</span> <span class='ocrx_word' id='word_1_184' title='bbox 934 2570 1014 2624; x_wconf 87' lang='lat' dir='ltr'>tinem</span> <span class='ocrx_word' id='word_1_185' title='bbox 1034 2570 1130 2624; x_wconf 88' lang='lat' dir='ltr'>Italiae</span> <span class='ocrx_word' id='word_1_186' title='bbox 1150 2570 1274 2625; x_wconf 86' lang='lat' dir='ltr'>infimum</span> <span class='ocrx_word' id='word_1_187' title='bbox 1293 2572 1320 2624; x_wconf 90' lang='lat' dir='ltr'>in</span> 
     </span>
     <span class='ocr_line' id='line_1_22' title="bbox 223 2659 1321 2730; baseline 0.003 -18"><span class='ocrx_word' id='word_1_188' title='bbox 223 2667 373 2730; x_wconf 70' lang='lat' dir='ltr'>insuspecte</span> <span class='ocrx_word' id='word_1_189' title='bbox 402 2661 510 2714; x_wconf 85' lang='lat' dir='ltr'>Siciliae</span> <span class='ocrx_word' id='word_1_190' title='bbox 538 2660 785 2728; x_wconf 83' lang='lat' dir='ltr'>conrmigrantilurs</span> <span class='ocrx_word' id='word_1_191' title='bbox 805 2661 840 2713; x_wconf 91' lang='lat' dir='ltr'>M.</span> <span class='ocrx_word' id='word_1_192' title='bbox 864 2659 891 2712; x_wconf 79' lang='lat' dir='ltr'>P.</span> <span class='ocrx_word' id='word_1_193' title='bbox 914 2665 967 2714; x_wconf 80' lang='grc'>455</span> <span class='ocrx_word' id='word_1_194' title='bbox 987 2663 1087 2725; x_wconf 82' lang='lat' dir='ltr'>(itiner.</span> <span class='ocrx_word' id='word_1_195' title='bbox 1109 2664 1173 2715; x_wconf 86' lang='lat' dir='ltr'>Ant.</span> <span class='ocrx_word' id='word_1_196' title='bbox 1199 2661 1321 2715; x_wconf 87' lang='lat' dir='ltr'>d&#39;Urban</span> 
     </span>
     <span class='ocr_line' id='line_1_23' title="bbox 223 2741 1359 2820; baseline 0 -18"><span class='ocrx_word' id='word_1_197' title='bbox 223 2769 247 2817; x_wconf 94' lang='lat' dir='ltr'>p.</span> <span class='ocrx_word' id='word_1_198' title='bbox 260 2753 313 2820; x_wconf 84' lang='lat'>31).</span> <span class='ocrx_word' id='word_1_199' title='bbox 336 2750 403 2802; x_wconf 88' lang='lat' dir='ltr'>lude</span> <span class='ocrx_word' id='word_1_200' title='bbox 418 2769 433 2802; x_wconf 88' lang='lat' dir='ltr'>a</span> <span class='ocrx_word' id='word_1_201' title='bbox 448 2750 566 2801; x_wconf 82' lang='lat' dir='ltr'>traiectu</span> <span class='ocrx_word' id='word_1_202' title='bbox 578 2747 688 2801; x_wconf 86' lang='lat' dir='ltr'>Siciliae</span> <span class='ocrx_word' id='word_1_203' title='bbox 702 2747 851 2815; x_wconf 84' lang='lat' dir='ltr'>Syracusas</span> <span class='ocrx_word' id='word_1_204' title='bbox 872 2753 936 2800; x_wconf 85' lang='lat' dir='ltr'>sunt</span> <span class='ocrx_word' id='word_1_205' title='bbox 948 2749 983 2802; x_wconf 87' lang='lat' dir='ltr'>M.</span> <span class='ocrx_word' id='word_1_206' title='bbox 995 2749 1024 2802; x_wconf 92' lang='lat' dir='ltr'>P.</span> <span class='ocrx_word' id='word_1_207' title='bbox 1039 2751 1093 2802; x_wconf 78' lang='lat'>120</span> <span class='ocrx_word' id='word_1_208' title='bbox 1113 2749 1148 2817; x_wconf 84' lang='lat' dir='ltr'>(p.</span> <span class='ocrx_word' id='word_1_209' title='bbox 1164 2752 1198 2802; x_wconf 77' lang='lat'>26</span> <span class='ocrx_word' id='word_1_210' title='bbox 1220 2755 1247 2802; x_wconf 88' lang='lat' dir='ltr'>ct</span> <span class='ocrx_word' id='word_1_211' title='bbox 1266 2749 1322 2816; x_wconf 67' lang='lat'>25),</span> <span class='ocrx_word' id='word_1_212' title='bbox 1354 2741 1359 2753; x_wconf 81' lang='lat'>&#39;</span> 
     </span>
     <span class='ocr_line' id='line_1_24' title="bbox 225 2836 1320 2906; baseline 0.001 -17"><span class='ocrx_word' id='word_1_213' title='bbox 225 2838 297 2890; x_wconf 87' lang='lat' dir='ltr'>unde</span> <span class='ocrx_word' id='word_1_214' title='bbox 307 2857 412 2891; x_wconf 81' lang='lat' dir='ltr'>sumnia</span> <span class='ocrx_word' id='word_1_215' title='bbox 426 2837 545 2890; x_wconf 80' lang='lat' dir='ltr'>efficitur</span> <span class='ocrx_word' id='word_1_216' title='bbox 557 2837 592 2888; x_wconf 90' lang='lat' dir='ltr'>M.</span> <span class='ocrx_word' id='word_1_217' title='bbox 611 2837 638 2889; x_wconf 92' lang='lat' dir='ltr'>P.</span> <span class='ocrx_word' id='word_1_218' title='bbox 653 2840 713 2889; x_wconf 79' lang='grc'>575.</span> <span class='ocrx_word' id='word_1_219' title='bbox 752 2838 842 2904; x_wconf 91' lang='lat' dir='ltr'>Atque</span> <span class='ocrx_word' id='word_1_220' title='bbox 851 2836 968 2890; x_wconf 89' lang='lat' dir='ltr'>hiberno</span> <span class='ocrx_word' id='word_1_221' title='bbox 979 2837 1089 2905; x_wconf 92' lang='lat' dir='ltr'>quidem</span> <span class='ocrx_word' id='word_1_222' title='bbox 1107 2843 1233 2906; x_wconf 85' lang='lat' dir='ltr'>ternpore</span> <span class='ocrx_word' id='word_1_223' title='bbox 1246 2837 1320 2890; x_wconf 84' lang='lat' dir='ltr'>‘dum</span> 
     </span>
     <span class='ocr_line' id='line_1_25' title="bbox 225 2922 1322 2996; baseline -0.004 -16"><span class='ocrx_word' id='word_1_224' title='bbox 225 2928 324 2996; x_wconf 77' lang='lat' dir='ltr'>pelago</span> <span class='ocrx_word' id='word_1_225' title='bbox 335 2927 459 2979; x_wconf 85' lang='lat' dir='ltr'>desaevit</span> <span class='ocrx_word' id='word_1_226' title='bbox 476 2925 563 2978; x_wconf 83' lang='lat' dir='ltr'>biems</span> <span class='ocrx_word' id='word_1_227' title='bbox 576 2935 600 2977; x_wconf 86' lang='lat' dir='ltr'>et</span> <span class='ocrx_word' id='word_1_228' title='bbox 614 2943 734 2992; x_wconf 85' lang='lat' dir='ltr'>aquosus</span> <span class='ocrx_word' id='word_1_229' title='bbox 748 2922 840 2977; x_wconf 87' lang='lat' dir='ltr'>Orion‘</span> <span class='ocrx_word' id='word_1_230' title='bbox 862 2925 1013 2978; x_wconf 86' lang='lat' dir='ltr'>tabellariis</span> <span class='ocrx_word' id='word_1_231' title='bbox 1027 2931 1114 2979; x_wconf 89' lang='lat' dir='ltr'>totum</span> <span class='ocrx_word' id='word_1_232' title='bbox 1137 2926 1188 2978; x_wconf 89' lang='lat' dir='ltr'>boc</span> <span class='ocrx_word' id='word_1_233' title='bbox 1202 2925 1322 2993; x_wconf 87' lang='lat' dir='ltr'>spatium</span> 
     </span>
     <span class='ocr_line' id='line_1_26' title="bbox 224 3011 1323 3084; baseline -0.001 -18"><span class='ocrx_word' id='word_1_234' title='bbox 224 3013 443 3084; x_wconf 84' lang='lat' dir='ltr'>percurrendum</span> <span class='ocrx_word' id='word_1_235' title='bbox 455 3014 508 3065; x_wconf 90' lang='lat' dir='ltr'>l&#39;uit</span> <span class='ocrx_word' id='word_1_236' title='bbox 527 3013 573 3078; x_wconf 79' lang='lat' dir='ltr'>(ct.</span> <span class='ocrx_word' id='word_1_237' title='bbox 588 3013 703 3065; x_wconf 80' lang='lat' dir='ltr'>Beckeri</span> <span class='ocrx_word' id='word_1_238' title='bbox 715 3011 823 3065; x_wconf 81' lang='lat' dir='ltr'>Gallum</span> <span class='ocrx_word' id='word_1_239' title='bbox 838 3013 873 3077; x_wconf 88' lang='lat' dir='ltr'>ll,</span> <span class='ocrx_word' id='word_1_240' title='bbox 893 3017 974 3080; x_wconf 48' lang='lat'>3955</span> <span class='ocrx_word' id='word_1_241' title='bbox 993 3031 1071 3082; x_wconf 76' lang='lat' dir='ltr'>uiros,</span> <span class='ocrx_word' id='word_1_242' title='bbox 1091 3015 1147 3067; x_wconf 80' lang='lat' dir='ltr'>sive</span> <span class='ocrx_word' id='word_1_243' title='bbox 1159 3015 1242 3082; x_wconf 89' lang='lat' dir='ltr'>pedes</span> <span class='ocrx_word' id='word_1_244' title='bbox 1264 3015 1323 3067; x_wconf 81' lang='lat' dir='ltr'>snti-</span> 
     </span>
     <span class='ocr_line' id='line_1_27' title="bbox 224 3100 1323 3171; baseline 0 -17"><span class='ocrx_word' id='word_1_245' title='bbox 224 3109 369 3170; x_wconf 68' lang='lat' dir='ltr'>gaverunt</span> <span class='ocrx_word' id='word_1_246' title='bbox 387 3101 502 3168; x_wconf 75' lang='lat' dir='ltr'>singulis</span> <span class='ocrx_word' id='word_1_247' title='bbox 527 3100 623 3154; x_wconf 87' lang='lat' dir='ltr'>diebus</span> <span class='ocrx_word' id='word_1_248' title='bbox 649 3100 693 3152; x_wconf 86' lang='lat' dir='ltr'>vix</span> <span class='ocrx_word' id='word_1_249' title='bbox 724 3101 843 3169; x_wconf 88' lang='lat' dir='ltr'>amplius</span> <span class='ocrx_word' id='word_1_250' title='bbox 872 3102 961 3156; x_wconf 81' lang='grc'>3511.</span> <span class='ocrx_word' id='word_1_251' title='bbox 989 3102 1017 3154; x_wconf 95' lang='lat' dir='ltr'>P.</span> <span class='ocrx_word' id='word_1_252' title='bbox 1037 3102 1187 3171; x_wconf 84' lang='lat' dir='ltr'>perfecisse</span> <span class='ocrx_word' id='word_1_253' title='bbox 1206 3103 1323 3170; x_wconf 86' lang='lat' dir='ltr'>ideoque</span> 
     </span>
     <span class='ocr_line' id='line_1_28' title="bbox 225 3188 1320 3258; baseline -0.004 -15"><span class='ocrx_word' id='word_1_254' title='bbox 225 3193 362 3243; x_wconf 85' lang='lat' dir='ltr'>sedecimo</span> <span class='ocrx_word' id='word_1_255' title='bbox 386 3190 495 3242; x_wconf 81' lang='lat' dir='ltr'>denium</span> <span class='ocrx_word' id='word_1_256' title='bbox 516 3188 560 3242; x_wconf 91' lang='lat' dir='ltr'>die</span> <span class='ocrx_word' id='word_1_257' title='bbox 580 3189 743 3242; x_wconf 78' lang='lat' dir='ltr'>adventasse</span> <span class='ocrx_word' id='word_1_258' title='bbox 763 3189 931 3242; x_wconf 86' lang='lat' dir='ltr'>eredendum</span> <span class='ocrx_word' id='word_1_259' title='bbox 950 3197 1005 3256; x_wconf 77' lang='lat' dir='ltr'>est3</span> <span class='ocrx_word' id='word_1_260' title='bbox 1037 3220 1066 3227; x_wconf 94' lang='lat'>-</span> <span class='ocrx_word' id='word_1_261' title='bbox 1088 3189 1208 3242; x_wconf 90' lang='lat' dir='ltr'>medium</span> <span class='ocrx_word' id='word_1_262' title='bbox 1228 3190 1320 3258; x_wconf 88' lang='lat' dir='ltr'>posui-</span> 
     </span>
     <span class='ocr_line' id='line_1_29' title="bbox 230 3277 1322 3346; baseline 0 -16"><span class='ocrx_word' id='word_1_263' title='bbox 230 3297 289 3330; x_wconf 85' lang='lat' dir='ltr'>mus</span> <span class='ocrx_word' id='word_1_264' title='bbox 307 3295 558 3330; x_wconf 85' lang='lat' dir='ltr'>numerumeorum</span> <span class='ocrx_word' id='word_1_265' title='bbox 577 3277 864 3346; x_wconf 85' lang='lat' dir='ltr'>quosFricdlaender,</span> <span class='ocrx_word' id='word_1_266' title='bbox 884 3295 954 3332; x_wconf 80' lang='lat' dir='ltr'>mor.</span> <span class='ocrx_word' id='word_1_267' title='bbox 973 3278 1036 3331; x_wconf 83' lang='lat' dir='ltr'>bist.</span> <span class='ocrx_word' id='word_1_268' title='bbox 1056 3278 1090 3340; x_wconf 87' lang='lat' dir='ltr'>ll,</span> <span class='ocrx_word' id='word_1_269' title='bbox 1113 3280 1145 3330; x_wconf 92' lang='lat'>10</span> <span class='ocrx_word' id='word_1_270' title='bbox 1164 3294 1179 3330; x_wconf 86' lang='lat' dir='ltr'>e</span> <span class='ocrx_word' id='word_1_271' title='bbox 1198 3282 1322 3330; x_wconf 79' lang='lat' dir='ltr'>veterum</span> 
     </span>
     <span class='ocr_line' id='line_1_30' title="bbox 226 3364 1325 3433; baseline 0 -15"><span class='ocrx_word' id='word_1_272' title='bbox 226 3366 305 3418; x_wconf 84' lang='lat' dir='ltr'>libris</span> <span class='ocrx_word' id='word_1_273' title='bbox 325 3366 436 3418; x_wconf 89' lang='lat' dir='ltr'>exhibet</span> <span class='ocrx_word' id='word_1_274' title='bbox 456 3384 502 3432; x_wconf 77' lang='lat'>—3</span> <span class='ocrx_word' id='word_1_275' title='bbox 524 3365 580 3417; x_wconf 87' lang='lat' dir='ltr'>sive</span> <span class='ocrx_word' id='word_1_276' title='bbox 601 3365 706 3433; x_wconf 85' lang='lat' dir='ltr'>equites</span> <span class='ocrx_word' id='word_1_277' title='bbox 733 3365 775 3416; x_wconf 85' lang='lat' dir='ltr'>vel</span> <span class='ocrx_word' id='word_1_278' title='bbox 794 3381 878 3416; x_wconf 89' lang='lat' dir='ltr'>curru</span> <span class='ocrx_word' id='word_1_279' title='bbox 898 3365 1028 3416; x_wconf 82' lang='lat' dir='ltr'>vehentes</span> <span class='ocrx_word' id='word_1_280' title='bbox 1039 3364 1142 3417; x_wconf 83' lang='lat' dir='ltr'>Seneca</span> <span class='ocrx_word' id='word_1_281' title='bbox 1162 3364 1239 3418; x_wconf 87' lang='lat' dir='ltr'>misit</span> <span class='ocrx_word' id='word_1_282' title='bbox 1256 3382 1325 3418; x_wconf 88' lang='lat' dir='ltr'>nun·</span> 
     </span>
     <span class='ocr_line' id='line_1_31' title="bbox 226 3451 1319 3521; baseline -0.003 -15"><span class='ocrx_word' id='word_1_283' title='bbox 226 3456 289 3517; x_wconf 86' lang='lat' dir='ltr'>ties,</span> <span class='ocrx_word' id='word_1_284' title='bbox 311 3455 357 3521; x_wconf 92' lang='lat' dir='ltr'>qui</span> <span class='ocrx_word' id='word_1_285' title='bbox 381 3470 400 3506; x_wconf 73' lang='lat' dir='ltr'>e⁴</span> <span class='ocrx_word' id='word_1_286' title='bbox 419 3455 452 3505; x_wconf 85' lang='grc'>50</span> <span class='ocrx_word' id='word_1_287' title='bbox 471 3453 508 3508; x_wconf 89' lang='grc' dir='ltr'>Μ.</span> <span class='ocrx_word' id='word_1_288' title='bbox 528 3453 557 3505; x_wconf 88' lang='lat' dir='ltr'>P.</span> <span class='ocrx_word' id='word_1_289' title='bbox 577 3451 709 3520; x_wconf 82' lang='lat' dir='ltr'>perticere</span> <span class='ocrx_word' id='word_1_290' title='bbox 736 3456 858 3519; x_wconf 86' lang='lat' dir='ltr'>possent,</span> <span class='ocrx_word' id='word_1_291' title='bbox 879 3451 1026 3504; x_wconf 88' lang='lat' dir='ltr'>undecimo</span> <span class='ocrx_word' id='word_1_292' title='bbox 1047 3451 1092 3504; x_wconf 89' lang='lat' dir='ltr'>die</span> <span class='ocrx_word' id='word_1_293' title='bbox 1111 3452 1259 3519; x_wconf 83' lang='lat' dir='ltr'>Syracusas</span> <span class='ocrx_word' id='word_1_294' title='bbox 1281 3452 1319 3503; x_wconf 87' lang='lat' dir='ltr'>eis</span> 
     </span>
     <span class='ocr_line' id='line_1_32' title="bbox 225 3537 1325 3600; baseline -0.002 -6"><span class='ocrx_word' id='word_1_295' title='bbox 225 3543 298 3594; x_wconf 85' lang='lat' dir='ltr'>visas</span> <span class='ocrx_word' id='word_1_296' title='bbox 320 3558 379 3594; x_wconf 90' lang='lat' dir='ltr'>esse</span> <span class='ocrx_word' id='word_1_297' title='bbox 398 3548 561 3594; x_wconf 88' lang='lat' dir='ltr'>statuemus.</span> <span class='ocrx_word' id='word_1_298' title='bbox 599 3539 657 3592; x_wconf 88' lang='lat' dir='ltr'>Nec</span> <span class='ocrx_word' id='word_1_299' title='bbox 676 3537 778 3600; x_wconf 77' lang='lat' dir='ltr'>differt,</span> <span class='ocrx_word' id='word_1_300' title='bbox 802 3540 825 3590; x_wconf 91' lang='lat' dir='ltr'>si</span> <span class='ocrx_word' id='word_1_301' title='bbox 838 3538 933 3591; x_wconf 87' lang='lat' dir='ltr'>amicis</span> <span class='ocrx_word' id='word_1_302' title='bbox 952 3540 1007 3592; x_wconf 88' lang='lat' dir='ltr'>isto</span> <span class='ocrx_word' id='word_1_303' title='bbox 1028 3539 1109 3592; x_wconf 88' lang='lat' dir='ltr'>modo</span> <span class='ocrx_word' id='word_1_304' title='bbox 1129 3541 1181 3592; x_wconf 87' lang='lat' dir='ltr'>iter</span> <span class='ocrx_word' id='word_1_305' title='bbox 1201 3539 1325 3593; x_wconf 80' lang='lat' dir='ltr'>incienti-</span> 
     </span>
     <span class='ocr_line' id='line_1_33' title="bbox 226 3625 1323 3700; baseline 0 -18"><span class='ocrx_word' id='word_1_306' title='bbox 226 3632 277 3682; x_wconf 88' lang='lat' dir='ltr'>bus</span> <span class='ocrx_word' id='word_1_307' title='bbox 299 3629 407 3681; x_wconf 84' lang='lat' dir='ltr'>tabnlas</span> <span class='ocrx_word' id='word_1_308' title='bbox 426 3627 547 3682; x_wconf 85' lang='lat' dir='ltr'>creditas</span> <span class='ocrx_word' id='word_1_309' title='bbox 567 3644 627 3680; x_wconf 85' lang='lat' dir='ltr'>esse</span> <span class='ocrx_word' id='word_1_310' title='bbox 648 3625 846 3694; x_wconf 82' lang='lat' dir='ltr'>sumpserimus</span> <span class='ocrx_word' id='word_1_311' title='bbox 868 3626 912 3690; x_wconf 81' lang='lat' dir='ltr'>(ef.</span> <span class='ocrx_word' id='word_1_312' title='bbox 931 3644 973 3695; x_wconf 85' lang='lat' dir='ltr'>ep.</span> <span class='ocrx_word' id='word_1_313' title='bbox 990 3630 1024 3692; x_wconf 74' lang='lat'>3),</span> <span class='ocrx_word' id='word_1_314' title='bbox 1043 3630 1100 3680; x_wconf 87' lang='lat' dir='ltr'>sive</span> <span class='ocrx_word' id='word_1_315' title='bbox 1119 3628 1167 3689; x_wconf 85' lang='lat' dir='ltr'>eis,</span> <span class='ocrx_word' id='word_1_316' title='bbox 1188 3648 1256 3700; x_wconf 83' lang='lat' dir='ltr'>quos</span> <span class='ocrx_word' id='word_1_317' title='bbox 1274 3650 1323 3699; x_wconf 91' lang='lat' dir='ltr'>pu-</span> 
     </span>
     <span class='ocr_line' id='line_1_34' title="bbox 224 3714 1320 3786; baseline 0.002 -16"><span class='ocrx_word' id='word_1_318' title='bbox 224 3720 295 3771; x_wconf 89' lang='lat' dir='ltr'>blice</span> <span class='ocrx_word' id='word_1_319' title='bbox 310 3717 409 3770; x_wconf 81' lang='lat' dir='ltr'>Gaesar-</span> <span class='ocrx_word' id='word_1_320' title='bbox 422 3718 565 3785; x_wconf 78' lang='lat' dir='ltr'>Augustus</span> <span class='ocrx_word' id='word_1_321' title='bbox 584 3717 695 3770; x_wconf 87' lang='lat' dir='ltr'>iuvenes</span> <span class='ocrx_word' id='word_1_322' title='bbox 716 3714 877 3768; x_wconf 83' lang='lat' dir='ltr'>tabellarios</span> <span class='ocrx_word' id='word_1_323' title='bbox 895 3725 978 3783; x_wconf 85' lang='lat' dir='ltr'>atque</span> <span class='ocrx_word' id='word_1_324' title='bbox 993 3715 1174 3769; x_wconf 74' lang='lat' dir='ltr'>vehicularius</span> <span class='ocrx_word' id='word_1_325' title='bbox 1195 3736 1244 3786; x_wconf 88' lang='lat' dir='ltr'>per</span> <span class='ocrx_word' id='word_1_326' title='bbox 1264 3721 1320 3772; x_wconf 84' lang='lat' dir='ltr'>vias</span> 
     </span>
     <span class='ocr_line' id='line_1_35' title="bbox 226 3805 1325 3876; baseline 0.002 -18"><span class='ocrx_word' id='word_1_327' title='bbox 226 3807 362 3858; x_wconf 88' lang='lat' dir='ltr'>militares</span> <span class='ocrx_word' id='word_1_328' title='bbox 381 3805 557 3874; x_wconf 88' lang='lat' dir='ltr'>disposuerat</span> <span class='ocrx_word' id='word_1_329' title='bbox 576 3807 622 3876; x_wconf 88' lang='lat' dir='ltr'>(ci.</span> <span class='ocrx_word' id='word_1_330' title='bbox 634 3807 710 3859; x_wconf 88' lang='lat' dir='ltr'>Suet.</span> <span class='ocrx_word' id='word_1_331' title='bbox 723 3806 793 3873; x_wconf 79' lang='lat' dir='ltr'>Aug.</span> <span class='ocrx_word' id='word_1_332' title='bbox 809 3809 870 3873; x_wconf 57' lang='lat'>4923</span> <span class='ocrx_word' id='word_1_333' title='bbox 895 3823 963 3872; x_wconf 83' lang='lat' dir='ltr'>quos</span> <span class='ocrx_word' id='word_1_334' title='bbox 983 3823 1047 3857; x_wconf 87' lang='lat' dir='ltr'>sane</span> <span class='ocrx_word' id='word_1_335' title='bbox 1065 3805 1199 3860; x_wconf 88' lang='lat' dir='ltr'>credibile</span> <span class='ocrx_word' id='word_1_336' title='bbox 1218 3813 1260 3860; x_wconf 87' lang='lat' dir='ltr'>est</span> <span class='ocrx_word' id='word_1_337' title='bbox 1279 3808 1325 3860; x_wconf 85' lang='lat' dir='ltr'>Sc·</span> 
     </span>
    </p>
   </div>
   <div class='ocr_carea' id='block_1_6' title="bbox 225 3893 1403 3962">
    <p class='ocr_par' dir='ltr' id='par_1_6' title="bbox 225 3893 1403 3962">
     <span class='ocr_line' id='line_1_36' title="bbox 225 3893 1403 3962; baseline 0 -15"><span class='ocrx_word' id='word_1_338' title='bbox 225 3911 308 3947; x_wconf 79' lang='lat' dir='ltr'>necae-</span> <span class='ocrx_word' id='word_1_339' title='bbox 321 3893 444 3961; x_wconf 85' lang='lat' dir='ltr'>imperiis</span> <span class='ocrx_word' id='word_1_340' title='bbox 463 3899 618 3962; x_wconf 86' lang='lat' dir='ltr'>paratosac</span> <span class='ocrx_word' id='word_1_341' title='bbox 637 3895 870 3962; x_wconf 78' lang='lat' dir='ltr'>parenteslnisse.</span> <span class='ocrx_word' id='word_1_342' title='bbox 888 3923 919 3934; x_wconf 89' lang='lat'><em>-</em></span> <span class='ocrx_word' id='word_1_343' title='bbox 941 3893 1062 3946; x_wconf 83' lang='lat' dir='ltr'>Celerius</span> <span class='ocrx_word' id='word_1_344' title='bbox 1081 3899 1158 3946; x_wconf 83' lang='lat' dir='ltr'>tenta</span> <span class='ocrx_word' id='word_1_345' title='bbox 1180 3894 1326 3947; x_wconf 77' lang='lat' dir='ltr'>intervalla</span> <span class='ocrx_word' id='word_1_346' title='bbox 1399 3893 1403 3900; x_wconf 82' lang='grc'><em>’</em></span> 
     </span>
    </p>
   </div>
   <div class='ocr_carea' id='block_1_7' title="bbox 225 3981 1326 4402">
    <p class='ocr_par' dir='ltr' id='par_1_7' title="bbox 225 3981 1326 4402">
     <span class='ocr_line' id='line_1_37' title="bbox 227 3981 1324 4051; baseline 0 -16"><span class='ocrx_word' id='word_1_347' title='bbox 227 3983 431 4051; x_wconf 85' lang='lat' dir='ltr'>superabantur</span> <span class='ocrx_word' id='word_1_348' title='bbox 458 3988 584 4049; x_wconf 85' lang='lat' dir='ltr'>ternpore</span> <span class='ocrx_word' id='word_1_349' title='bbox 603 3983 717 4035; x_wconf 86' lang='lat' dir='ltr'>aestivo.</span> <span class='ocrx_word' id='word_1_350' title='bbox 754 3983 947 4051; x_wconf 79' lang='lat' dir='ltr'>Navigabatnr</span> <span class='ocrx_word' id='word_1_351' title='bbox 972 3982 1053 4040; x_wconf 85' lang='lat' dir='ltr'>enim.</span> <span class='ocrx_word' id='word_1_352' title='bbox 1085 3983 1109 4034; x_wconf 91' lang='lat' dir='ltr'>si</span> <span class='ocrx_word' id='word_1_353' title='bbox 1128 3981 1246 4050; x_wconf 81' lang='lat' dir='ltr'>Vegetio</span> <span class='ocrx_word' id='word_1_354' title='bbox 1260 3981 1324 4036; x_wconf 84' lang='lat' dir='ltr'>V.9</span> 
     </span>
     <span class='ocr_line' id='line_1_38' title="bbox 225 4069 1326 4137; baseline 0.002 -15"><span class='ocrx_word' id='word_1_355' title='bbox 225 4071 307 4122; x_wconf 80' lang='lat' dir='ltr'>sideru</span> <span class='ocrx_word' id='word_1_356' title='bbox 329 4070 471 4133; x_wconf 88' lang='lat' dir='ltr'>habemus,</span> <span class='ocrx_word' id='word_1_357' title='bbox 489 4069 547 4122; x_wconf 86' lang='lat' dir='ltr'>aV.</span> <span class='ocrx_word' id='word_1_358' title='bbox 563 4069 644 4123; x_wconf 89' lang='lat' dir='ltr'>Mart.</span> <span class='ocrx_word' id='word_1_359' title='bbox 663 4088 748 4137; x_wconf 88' lang='lat' dir='ltr'>usque</span> <span class='ocrx_word' id='word_1_360' title='bbox 772 4071 805 4128; x_wconf 68' lang='lat' dir='ltr'>sal</span> <span class='ocrx_word' id='word_1_361' title='bbox 819 4069 865 4122; x_wconf 89' lang='lat' dir='ltr'>Xl.</span> <span class='ocrx_word' id='word_1_362' title='bbox 887 4070 970 4134; x_wconf 82' lang='lat' dir='ltr'>Nos.;</span> <span class='ocrx_word' id='word_1_363' title='bbox 989 4069 1253 4133; x_wconf 80' lang='lat' dir='ltr'>ct.Friedl.11,rl.</span> <span class='ocrx_word' id='word_1_364' title='bbox 1274 4090 1326 4124; x_wconf 83' lang='lat' dir='ltr'>nec</span> 
     </span>
     <span class='ocr_line' id='line_1_39' title="bbox 225 4159 1323 4226; baseline 0.004 -18"><span class='ocrx_word' id='word_1_365' title='bbox 225 4160 344 4211; x_wconf 78' lang='lat' dir='ltr'>doluisse</span> <span class='ocrx_word' id='word_1_366' title='bbox 358 4167 487 4226; x_wconf 87' lang='lat' dir='ltr'>putamus</span> <span class='ocrx_word' id='word_1_367' title='bbox 503 4160 670 4214; x_wconf 86' lang='lat' dir='ltr'>occasiones.</span> <span class='ocrx_word' id='word_1_368' title='bbox 683 4161 778 4212; x_wconf 88' lang='lat' dir='ltr'>amieis</span> <span class='ocrx_word' id='word_1_369' title='bbox 792 4159 1027 4212; x_wconf 81' lang='lat' dir='ltr'>rirerestorilrusre</span> <span class='ocrx_word' id='word_1_370' title='bbox 1041 4161 1149 4212; x_wconf 85' lang='lat' dir='ltr'>tabulas</span> <span class='ocrx_word' id='word_1_371' title='bbox 1163 4160 1323 4226; x_wconf 72' lang='lat' dir='ltr'>irrarrelandi;</span> 
     </span>
     <span class='ocr_line' id='line_1_40' title="bbox 226 4241 1324 4317; baseline 0.004 -19"><span class='ocrx_word' id='word_1_372' title='bbox 226 4264 293 4314; x_wconf 72' lang='lat' dir='ltr'>spiras</span> <span class='ocrx_word' id='word_1_373' title='bbox 312 4248 361 4299; x_wconf 90' lang='lat' dir='ltr'>tali</span> <span class='ocrx_word' id='word_1_374' title='bbox 379 4247 469 4308; x_wconf 83' lang='lat' dir='ltr'>modo,</span> <span class='ocrx_word' id='word_1_375' title='bbox 489 4251 514 4298; x_wconf 79' lang='lat' dir='ltr'>sl</span> <span class='ocrx_word' id='word_1_376' title='bbox 529 4241 659 4313; x_wconf 71' lang='lat' dir='ltr'>aduletur</span> <span class='ocrx_word' id='word_1_377' title='bbox 672 4248 732 4314; x_wconf 71' lang='lat' dir='ltr'>dota</span> <span class='ocrx_word' id='word_1_378' title='bbox 751 4244 844 4305; x_wconf 79' lang='grc' dir='ltr'><strong><em>κλυτὸς</em></strong></span> <span class='ocrx_word' id='word_1_379' title='bbox 861 4244 1052 4317; x_wconf 70' lang='grc' dir='ltr'>Ἐννοσίγαιος,</span> <span class='ocrx_word' id='word_1_380' title='bbox 1071 4254 1172 4316; x_wconf 87' lang='lat' dir='ltr'>quarto</span> <span class='ocrx_word' id='word_1_381' title='bbox 1191 4247 1324 4317; x_wconf 84' lang='lat' dir='ltr'>quintove</span> 
     </span>
     <span class='ocr_line' id='line_1_41' title="bbox 225 4333 1325 4402; baseline 0.004 -16"><span class='ocrx_word' id='word_1_382' title='bbox 225 4335 269 4387; x_wconf 85' lang='lat' dir='ltr'>die</span> <span class='ocrx_word' id='word_1_383' title='bbox 290 4333 366 4387; x_wconf 89' lang='lat' dir='ltr'>reddi</span> <span class='ocrx_word' id='word_1_384' title='bbox 387 4334 512 4402; x_wconf 88' lang='lat' dir='ltr'>potuisse</span> <span class='ocrx_word' id='word_1_385' title='bbox 527 4335 673 4389; x_wconf 88' lang='lat' dir='ltr'>eredimus.</span> <span class='ocrx_word' id='word_1_386' title='bbox 712 4333 750 4389; x_wconf 82' lang='lat' dir='ltr'>cf.</span> <span class='ocrx_word' id='word_1_387' title='bbox 766 4335 857 4389; x_wconf 88' lang='lat' dir='ltr'>locum</span> <span class='ocrx_word' id='word_1_388' title='bbox 876 4335 1091 4390; x_wconf 86' lang='lat' dir='ltr'>Philostrateum</span> <span class='ocrx_word' id='word_1_389' title='bbox 1109 4355 1125 4389; x_wconf 86' lang='lat' dir='ltr'>a</span> <span class='ocrx_word' id='word_1_390' title='bbox 1144 4335 1246 4391; x_wconf 84' lang='lat' dir='ltr'>Friedl.</span> <span class='ocrx_word' id='word_1_391' title='bbox 1268 4338 1325 4390; x_wconf 90' lang='lat' dir='ltr'>lau·</span> 
     </span>
    </p>
   </div>
   <div class='ocr_carea' id='block_1_8' title="bbox 0 0 1611 5030">
    <p class='ocr_par' dir='ltr' id='par_1_8' title="bbox 0 0 1611 5030">
     <span class='ocr_line' id='line_1_42' title="bbox 0 0 1611 5030; baseline 0 0"><span class='ocrx_word' id='word_1_392' title='bbox 0 0 1611 5030; x_wconf 95' lang='lat' dir='ltr'> </span> 
     </span>
    </p>
   </div>
  </div>
 </body>
</html>
