3194 5030
818 365 858 428 20

289 551 381 615 ‘fecit
413 551 464 615 hic
486 551 627 627 cometes,
662 567 740 631 quae
773 549 811 613 ab
833 547 1002 612 Aristotele
1024 548 1294 631 Theophrastoque
1326 551 1400 613 srmt

294 651 479 733 praedicta‘:
503 651 733 732 nontemporis
755 649 900 732 spatium,
923 648 976 713 sed
997 669 1044 712 res
1066 650 1156 727 solas,
1180 670 1258 733 quae
1280 652 1399 715 cometa

291 753 474 834 praenuntio
509 753 615 833 postea
638 750 815 826 acciderint,
850 769 920 814 eum
942 750 1042 814 dicere
1064 751 1113 814 vel
1135 769 1168 814 eo
1191 751 1397 834 cognoscitur,

296 852 377 934 quod
401 852 648 933 Theophrastum
677 850 769 915 simul
793 852 950 916 auctorem
978 851 1128 914 nominat.
1173 851 1280 932 Neque
1301 852 1400 934 igitur

292 953 459 1035 quicquam
484 953 526 1016 eis
548 953 714 1035 significat,
738 951 797 1016 nisi
820 951 1017 1032 tempestates
1041 954 1179 1014 cometen
1200 951 1289 1016 illum
1312 972 1399 1034 prae-

294 1051 417 1117 dixisse.
462 1054 584 1134 liaque,
615 1053 673 1116 etsi
696 1053 828 1116 cometes
856 1071 884 1116 a.
907 1054 947 1115 oo
970 1053 1123 1134 apparuit,
1156 1055 1262 1118 tamen
1283 1052 1399 1118 Achai-

293 1174 360 1219 cam
395 1155 514 1219 cladem
548 1154 653 1218 licebit
688 1154 736 1217 ad.
769 1173 795 1216 a.
821 1153 861 1216 62
896 1152 1038 1231 (fortasse
1070 1153 1226 1218 ineuntem
1259 1153 1398 1235 aunum),

296 1256 520 1337 'Pompeianam
544 1255 581 1318 ad
611 1255 836 1337 sexagesimum
868 1254 996 1317 tertium
1019 1254 1138 1318 referre.
1185 1255 1327 1320 Ceterum
1351 1274 1401 1319 co·

294 1359 394 1420 meten
407 1356 497 1420 illum
520 1357 655 1419 extremo
672 1373 751 1418 anno
765 1357 805 1417 oo
828 1354 979 1418 effulsisse
1000 1374 1016 1418 e
1039 1356 1173 1419 consulis
1188 1355 1260 1419 Kal.
1275 1356 1398 1420 Octobr.

294 1457 415 1520 stiffecti
437 1457 561 1520 nomine
584 1457 635 1534 (cf.
658 1454 897 1519 Orelli-Henzen
919 1454 939 1518 l.
960 1453 1006 1536 c.)
1023 1455 1222 1518 manifestum
1244 1457 1303 1529 est;
1326 1475 1400 1519 eun-

294 1557 364 1620 dem
396 1576 446 1620 sex
475 1556 632 1620 mensibus
665 1554 864 1636 spectandum
888 1573 919 1618 se
946 1555 1126 1638 ,praebuisse
1148 1555 1261 1620 Seneca
1293 1558 1400 1620 arrotor

294 1659 339 1721 est
373 1658 444 1735 VII,
480 1658 529 1734 21,
553 1658 581 1718 3.
627 1656 727 1734 Quare
761 1673 830 1718 cum
863 1655 890 1717 is
924 1655 1019 1719 etiam
1052 1655 1091 1719 ad
1114 1675 1143 1720 a.
1165 1657 1203 1720 61
1238 1656 1398 1737 pertineat,

293 1757 450 1821 lonasium
486 1775 701 1820 concessurum
732 1757 887 1836 putamus,
922 1774 1008 1836 posse
1030 1756 1088 1820 hac
1125 1774 1245 1838 quoque
1279 1757 1398 1820 ratione

295 1857 415 1921 cladem
438 1857 608 1920 Achaicam
642 1856 680 1920 ad
715 1874 831 1920 annum
854 1857 904 1933 62,
936 1855 1158 1936 Pompeianam
1181 1855 1222 1920 ad
1245 1857 1285 1918 63
1320 1857 1399 1919 iuste

292 1957 409 2021 referri.
455 1955 513 2022 Sed
537 1958 599 2020 iam
623 1957 699 2020 satis
722 1975 737 2020 e
760 1957 950 2020 cometarum
974 1974 1065 2020 cursu
1087 1958 1225 2037 tempora
1258 1957 1400 2020 definiri-

293 2076 371 2120 mua
416 2059 520 2121 Unum
549 2056 660 2120 addere
682 2056 767 2121 libet.
813 2056 970 2120 Nimirum
992 2058 1028 2120 ut
1059 2077 1146 2121 suam
1169 2057 1309 2121 tueretur
1331 2076 1399 2120 sen-

296 2158 438 2234 tentiam,
461 2158 603 2221 lonasius
625 2157 732 2220 debuit
754 2156 793 2220 ad
816 2157 1010 2220 Haasianum
1032 2157 1121 2222 illum
1144 2158 1293 2222 librorum
1317 2157 1399 2223 ordi-

294 2277 363 2321 nem
385 2258 570 2340 coniugere3
605 2277 695 2339 quem
723 2257 837 2321 falsum
868 2276 1008 2322 essenos
1031 2258 1156 2340 quidem
1185 2258 1399 2342 uidemurde-

293 2360 508 2422 monstrasse*
535 2358 647 2421 Merito
672 2357 753 2422 enim
783 2357 855 2421 libri
876 2358 919 2422 IV
943 2360 1062 2438 partem
1096 2360 1227 2440 priorem
1263 2362 1333 2441 post
1353 2380 1400 2424 se·

294 2477 412 2522 cessum
436 2459 577 2535 Senecae,
601 2478 692 2540 quem
714 2479 729 2522 e
749 2459 820 2522 Tac.
843 2458 925 2522 dnn.
948 2459 968 2522 l.
989 2459 1064 2522 XIV
1089 2461 1230 2525 novimus
1263 2480 1343 2525 anno
1359 2461 1399 2524 62

272 2558 413 2622 ‚iactum
437 2577 509 2634 esse,
534 2559 679 2639 scriptam
704 2560 868 2623 statuerat.
910 2559 1003 2624 Falsa
1027 2580 1100 2624 sane
1122 2579 1138 2624 e
1162 2579 1255 2625 causa
1276 2560 1400 2624 conclu·

295 2660 379 2723 serat
403 2696 441 2702 -—
465 2678 484 2724 e,
502 2659 653 2723 Demetrii
680 2658 787 2742 Cynici
814 2661 1122 2734 commemoratione3
1151 2680 1212 2742 qua
1235 2660 1326 2726 dere
1361 2663 1398 2725 cf.

298 2761 455 2841 Append.;
479 2797 516 2804 —
540 2761 623 2824 iusta
647 2779 718 2824 uero
740 2761 815 2824 haec
838 2762 892 2837 est,
917 2760 1114 2842 quodetiam
1137 2763 1194 2825 ΙΙΙ.
1217 2763 1290 2826 libri
1312 2782 1399 2844 prae-

294 2861 374 2924 fatio
398 2860 480 2926 haud
503 2861 594 2925 dubie
617 2863 685 2942 post
708 2861 771 2924 eius
794 2879 943 2924 secessum
967 2882 985 2926 a
1007 2862 1185 2943 republica
1207 2864 1322 2944 ¹scripta
1345 2864 1399 2926 est.

298 2960 398 3040 (trram
421 2959 504 3025 vitae
526 2979 599 3024 suae
622 2961 896 3024 commutationem
919 2964 1022 3044 aperte
1034 2961 1190 3044 siguificat
1214 2961 1241 3042 fi.
1257 2965 1291 3026 2:
1311 2961 1401 3026 ‘obii-

294 3062 359 3124 ciat
371 3062 512 3124 seneetus
534 3080 631 3125 annos
644 3061 726 3124 inter
739 3080 819 3125 vana
833 3061 936 3126 studia
952 3062 1175 3145 consumptos’:
1200 3063 1227 3144 ξ.
1243 3066 1277 3127 3;
1298 3063 1400 3144 ‘quid-

297 3160 373 3241 quid
395 3162 542 3224 amissum
557 3161 612 3238 ost,
635 3160 667 3225 id
689 3159 833 3242 diligenti
857 3180 913 3224 usn
928 3162 1011 3226 ritae
1033 3163 1201 3242 praesentis
1215 3163 1400 3246 recolligat:

296 3261 464 3326 facillimus
486 3263 533 3325 est
555 3261 594 3325 ad
617 3261 745 3325 honesta
768 3281 802 3325 er
824 3262 1013 3343 poenitentia
1038 3264 1206 3328 transitus?
1233 3301 1267 3308 -
1292 3265 1399 3333 Alium

296 3363 360 3426 eius
375 3362 515 3426 animum
536 3362 639 3439 fuisse,
663 3361 738 3426 dum
758 3363 889 3426 Neronis
912 3364 1016 3445 gratia
1039 3364 1164 3440 valeret,
1188 3363 1283 3427 immo
1306 3364 1400 3428 etiam

294 3462 447 3527 rationem
470 3464 553 3527 vitae
575 3482 658 3540 suae,
682 3464 804 3545 qualem
827 3466 902 3527 tum·
918 3465 950 3526 in
973 3464 1139 3528 honoribus
1172 3465 1322 3545 rebusque
1344 3483 1400 3544 pu-

293 3565 384 3627 blicis
407 3566 522 3647 ngeret,
546 3566 669 3628 strenue
692 3563 863 3628 defendisse
886 3585 901 3628 e
923 3565 1002 3629 libro
1024 3564 1062 3628 de
1085 3565 1151 3629 uita
1173 3565 1274 3636 beata
1288 3583 1401 3647 cogno·

296 3665 407 3729 vimus.
453 3665 571 3745 (Etiam
607 3665 708 3729 uerbis
731 3663 813 3728 bisce
838 3664 908 3730 ‘nox
930 3665 969 3730 ad
1001 3665 1082 3728 diem
1108 3665 1252 3744 accedat',
1287 3664 1401 3729 collata

295 3785 340 3847 op.
364 3767 451 3843 Vin,
480 3768 506 3843 l,
536 3785 629 3848 quam
659 3765 757 3829 eidem
788 3765 919 3847 tempori
953 3765 1150 3830 tribuendam
1173 3785 1241 3830 mox
1275 3766 1401 3829 demon-

297 3865 474 3943 strabimus
507 3865 674 3948 singularis
708 3865 761 3928 lux
783 3865 925 3946 accedit.)
969 3865 1109 3929 Ionasins
1132 3866 1238 3948 igitur,
1272 3866 1325 3946 qui
1348 3884 1401 3946 per·

295 3985 428 4030 errorem
450 3967 489 4030 ad
512 3966 640 4030 eandem
663 3967 726 4030 reri
749 3966 956 4048 cognitionem
978 3968 1167 4047 pervenerat,
1181 3986 1261 4054 ⁵eum
1285 3966 1399 4029 librum

296 4067 339 4130 Vl
362 4067 424 4131 fere
445 4067 535 4130 initio
558 4068 632 4131 anni
655 4071 704 4144 112,
729 4069 874 4149 quartum
896 4069 966 4148 post
978 4085 1128 4132 secessum
1152 4067 1312 4131 statuisset
1326 4067 1401 4129 seri-

297 4170 385 4248 ptum
403 4186 477 4246 esso,
501 4188 538 4230 ne
557 4168 637 4233 male
649 4172 822 4250 temporum
845 4169 979 4232 rationes
997 4166 1227 4244 concordarent,
1249 4166 1399 4230 librorum

292 4267 434 4331 ordinem
459 4263 733 4349 talsum'prcbare.
752 4269 809 4332 hac
831 4288 952 4350 quoque
980 4287 1011 4330 re
1034 4269 1135 4331 rueret
1158 4268 1292 4332 coactus.
1336 4268 1400 4330 Nos
