3194 5030
742 397 780 459 31

217 585 337 650 efficere
370 585 524 660 volumen,
549 582 636 646 cuius
661 580 834 646 communis
857 580 945 662 quasi
977 598 1140 662 compages
1162 580 1225 644 sint
1246 579 1319 645 illae

219 687 259 750 ad
281 686 373 750 linem
396 684 636 765 uniuscuiusque
647 680 773 746 additae
796 680 988 744 mercedulae
1010 681 1052 760 (6,
1065 681 1097 761 7)
1120 681 1170 744 vel
1191 700 1319 744 munus-

219 787 288 850 cula
314 786 377 865 (10,
394 786 437 862 5).
493 783 581 849 Unde
610 781 752 846 lonasius
782 782 840 844 hoe
876 799 997 862 quoque
1023 781 1224 862 probabiliter
1246 800 1319 846 oon-

222 887 325 963 clusit,
350 886 497 952 Senecam
520 883 734 966 undetriginta
761 883 832 948 illas
854 903 916 948 una
944 883 1083 948 edidisse.
1105 919 1146 930 —
1168 885 1318 949 Octavam

219 989 415 1052 Lehmannus
425 986 492 1050 iure
507 1004 562 1049 suo
576 984 729 1048 statuerat
740 985 888 1066 scriptam
908 1004 980 1062 esse,
992 985 1156 1067 postquam
1167 985 1207 1065 (a.
1215 986 1269 1068 62)
1282 1004 1320 1049 ne

218 1089 376 1171 gotiorum
391 1088 472 1151 certe
483 1105 630 1169 magnam
646 1087 776 1166 partem.
789 1085 901 1150 Seneca
916 1085 1114 1166 deposuisset.
1128 1085 1320 1168 Quapropter

223 1208 292 1253 curn
326 1207 373 1269 ep.
392 1189 440 1251 18.
463 1187 630 1251 December
672 1187 785 1249 mensis
818 1185 1019 1268 significetur,
1051 1185 1125 1268 quid
1147 1186 1211 1250 veri
1234 1187 1320 1251 simi-

221 1291 282 1354 lius
310 1308 404 1371 quam
438 1288 520 1350 bunc
553 1304 617 1350 esse
640 1286 713 1349 anni
729 1286 792 1348 625³
845 1285 900 1366 Ep.
916 1288 957 1349 23
990 1287 1069 1350 veris
1091 1287 1320 1369 praeposterum

220 1391 323 1472 frigus
346 1386 618 1463 commemoratur,
642 1385 748 1448 eadem
771 1385 834 1450 iere
855 1386 935 1449 veris
957 1387 1107 1468 iniquitas
1128 1407 1173 1470 ep.
1189 1389 1228 1451 67
1251 1388 1321 1452 init.

221 1490 360 1572 Quorum
376 1489 509 1552 alterum
526 1486 600 1551 anni
614 1487 664 1562 63,
687 1486 885 1550 alterumver
907 1504 970 1550 esse
992 1487 1136 1565 anniti,
1158 1508 1321 1570 ——quam·

222 1611 315 1674 <piram
340 1589 503 1654 commoda
525 1606 580 1651 sua
603 1587 734 1650 fortasse
757 1606 818 1650 non
841 1587 945 1651 omnia
967 1589 1128 1669 perspexit,
1151 1625 1190 1634 —·
1213 1591 1323 1654 rectis-

221 1693 296 1756 sime
311 1690 507 1755 Lehmannns
530 1688 652 1752 statuit.
695 1687 845 1768 Alioquin
869 1687 959 1765 enim,
982 1707 1078 1770 quum
1100 1689 1136 1754 de
1158 1691 1217 1756 hac
1240 1693 1322 1756 certe

220 1794 308 1874 parte
341 1789 544 1872 epistularum
579 1788 694 1858 serrati
716 1787 832 1851 ordinis
854 1788 1067 1853 testimouium
1089 1791 1171 1856 haud
1193 1791 1321 1856 dubium

222 1894 398 1968 habeamus,
435 1889 516 1972 quod
545 1909 643 1971 neque
672 1909 690 1953 a
726 1890 829 1954 fronte
861 1891 958 1955 totius
988 1894 1086 1973 operis
1108 1892 1322 1974 undetriginta

222 1994 337 2074 priores
359 2010 502 2056 amouere
524 2009 673 2072 umquam
696 1990 802 2054 licebit
833 2010 931 2073 neque
953 2012 987 2055 er
1009 1992 1067 2056 hoc
1088 1993 1176 2074 quasi
1198 2012 1323 2076 corpore

222 2094 394 2158 membrum
419 2091 518 2155 ullum
541 2091 694 2173 abripere:
716 2091 864 2172 alioquin,
888 2092 1025 2174 inquam,
1049 2093 1074 2156 si
1097 2094 1255 2158 Ionasium
1277 2114 1323 2158 se-

223 2194 287 2259 cuti
311 2194 350 2259 ad
373 2192 502 2258 eundem
540 2211 657 2258 annum
691 2191 820 2255 velimus
853 2191 1006 2274 duplicem
1027 2194 1115 2258 illam
1137 2197 1216 2259 veris
1239 2215 1323 2260 oom-

222 2294 477 2359 memorationem
490 2293 610 2370 referre,
634 2292 799 2356 verendum
811 2292 861 2368 sit,
885 2312 923 2355 ne
937 2293 1066 2358 nimiam
1088 2295 1322 2361 multitudinem

224 2395 315 2459 unius
338 2393 450 2458 mensis
465 2392 514 2458 vel
537 2393 612 2458 adeo
633 2392 887 2473 paucissimorum
910 2394 1061 2457 mensium
1084 2395 1184 2476 spatio
1205 2397 1322 2461 tribue-

223 2498 330 2561 rimus.
381 2493 461 2559 Sunt
494 2493 651 2574 praeterea
683 2491 716 2554 in
737 2490 812 2572 ipsis
839 2490 956 2555 indicia
984 2485 1220 2572 haud'oceulta
1244 2515 1323 2578 quae

222 2599 283 2662 isto
319 2614 400 2661 anno
434 2593 500 2674 (63)
532 2593 634 2657 minus
672 2591 903 2674 frequentatum
941 2611 1006 2656 esse
1041 2594 1073 2657 id
1106 2598 1321 2662 commercium

223 2696 362 2761 doceant.
1168 2741 1171 2748 -

329 2797 467 2877 Quorum
489 2794 624 2876 primum
647 2792 692 2856 est
714 2791 802 2866 illud,
828 2811 887 2874 quo
910 2794 1067 2858 lonasium
1089 2794 1223 2860 vidimus
1244 2797 1323 2862 falso

225 2899 316 2963 modo
338 2897 395 2974 uti,
419 2896 501 2978 quod
524 2915 569 2976 ep.
586 2894 636 2970 38,
656 2894 669 2955 l
688 2892 840 2956 Lucilium
863 2894 1076 2974 cognoscimus
1098 2895 1135 2960 de
1158 2897 1325 2961 rariori·

225 3001 299 3064 bus
321 2997 465 3080 magistri
487 2994 627 3076 epistulis
648 2994 791 3074 questum
814 3012 887 3058 esse.
931 2994 1049 3059 Deinde
1071 2998 1102 3060 in
1126 2997 1214 3061 illam
1238 3000 1325 3062 aeta-

224 3101 287 3162 tem
310 3097 395 3162 cadit
416 3096 501 3177 prius
523 3095 565 3171 id,
596 3094 679 3176 quod
700 3111 745 3176 ep.
759 3095 799 3157 28
827 3095 1095 3172 commemoratur,
1118 3097 1178 3160 iter
1198 3096 1310 3160 Lucilii
1318 3118 1332 3180 p,

225 3198 357 3262 alterum
387 3216 432 3278 ep.
449 3196 489 3258 48
522 3194 610 3259 nobis
643 3195 752 3258 notum
775 3195 837 3258 est:
870 3196 1045 3276 utrumque
1067 3187 1326 3261 admodum'lon-

225 3317 301 3381 gum
333 3297 427 3361 fuisse
456 3295 580 3359 dicitur.
631 3293 710 3357 Turn
733 3313 778 3375 ep.
793 3295 834 3357 50
862 3314 924 3360 una
946 3298 1134 3360 memoratur
1156 3316 1234 3380 quae
1256 3300 1326 3379 post

226 3398 342 3462 multos
364 3415 482 3460 menses
505 3395 637 3460 Senecae
660 3394 781 3458 reddita
802 3395 844 3458 sit
867 3396 977 3458 lmcilii
1000 3397 1141 3478 epistula.
1186 3398 1326 3479 Denique

226 3498 322 3581 ipsius
346 3497 479 3563 Senecae
494 3497 554 3560 iter
567 3495 769 3576 Campanum,
793 3496 873 3560 unde
896 3498 935 3561 ab
957 3517 1002 3579 ep.
1017 3500 1059 3561 49
1081 3518 1132 3563 eas
1153 3518 1232 3581 quae
1253 3499 1326 3562 siunt

227 3618 322 3680 usque
356 3598 394 3664 ad
425 3598 647 3680 sexagesimam
684 3600 799 3662 sentam
825 3617 862 3662 ac
891 3599 993 3681 plures
1016 3601 1108 3664 etiam
1134 3601 1325 3682 conscripsit,

226 3702 331 3766 eadem
355 3698 678 3780 tempestatefactum
699 3699 754 3762 est.
798 3698 917 3778 Quibus
931 3700 1053 3764 indiciis
1072 3703 1214 3766 omnibus
1236 3721 1327 3767 eccu-

226 3803 293 3868 rate
314 3801 469 3884 perpensis
492 3801 560 3882 quis
583 3798 742 3864 dubitabit
765 3800 936 3878 concedere,
962 3819 1023 3865 uno
1046 3801 1186 3881 Senecae,
1209 3803 1327 3868 duobus

227 3903 338 3968 Lucilii
357 3901 519 3966 itineribus
546 3900 717 3964 interiectis
752 3919 813 3963 non
836 3901 971 3982 potuisse
1003 3902 1051 3965 tot
1073 3903 1220 3984 epistulas
1242 3905 1326 3970 intra

227 4005 293 4068 tam
316 4021 430 4085 paucos
460 4020 578 4065 menses
601 4021 693 4082 quam
717 4001 857 4065 lonasius
879 4002 1013 4066 voluisse
1034 4003 1166 4082 videtur,
1202 4005 1327 4080 confioi;

219 4103 342 4185 *quibus
362 4105 384 4184 ¹)
407 4104 473 4166 iure
494 4104 598 4166 nostro
620 4102 778 4184 integrum
801 4102 877 4184 anni,
897 4102 1032 4183 spatium
1055 4104 1234 4169 tribuemus.
1258 4106 1327 4188 Ipse

333 4207 357 4304 l)
372 4207 509 4305 *Peiperus
538 4251 605 4290 vero
634 4237 674 4304 (p.
687 4239 729 4304 lo)
750 4240 842 4290 totum
870 4236 1053 4306 epistularum
1073 4237 1182 4292 CXXIV
1201 4237 1328 4292 volumen

230 4323 303 4377 intra
322 4324 547 4393 quattuordecim
567 4341 672 4378 menses
696 4325 880 4393 compositum
900 4343 959 4380 esse
979 4326 1093 4380 statuit!
1146 4367 1148 4372 .
