3194 5030
796 394 834 456 10

273 586 351 644 mus,
376 566 579 632 difficultates
613 568 675 632 sint
699 568 843 634 oriturae.
866 606 906 614 -
928 569 1020 651 Apud
1040 570 1111 634 illos
1133 589 1208 652 opus
1229 572 1370 636 Natura·

271 668 347 732 lium
372 667 429 748 Qu.
453 687 471 732 a
493 667 671 751 fragmento
694 669 812 752 incipit,
841 669 955 734 desinit
986 671 1019 735 in
1041 671 1261 754 fragmentum.
1304 673 1370 738 Me·

270 767 331 831 lius
353 767 386 832 id
409 768 532 850 quidem
563 763 669 834 baberi
703 770 825 834 videtur
851 773 884 836 in
915 772 1110 851 editionibus
1133 793 1212 856 quae
1234 774 1307 838 sunt
1329 773 1368 839 ad

270 867 408 934 familiae
440 869 462 933 Z
493 871 713 935 auctoritatem
744 873 910 937 consectae.
963 872 1064 954 Caput
1092 873 1136 937 ibi
1168 874 1250 938 certe
1271 874 1370 955 operis

160 1023 162 1028 ,
254 993 333 1042 'non
354 976 558 1055 desideratur,
582 996 680 1060 neque
716 977 747 1041 id
771 978 852 1060 qnod
874 982 973 1046 exstat
1002 980 1166 1064 indignum
1187 982 1254 1046 toto
1277 983 1370 1047 aesti-

272 1077 420 1142 mandum
444 1080 499 1142 ast.

206 1184 210 1189 '
369 1176 420 1242 Ad
441 1179 500 1243 hac
531 1179 628 1243 totius
651 1179 750 1260 operis
786 1179 976 1259 mentatione
1008 1181 1142 1262 primum
1165 1201 1252 1246 sumo
1274 1201 1370 1268 argu·

271 1279 419 1356 mentum,
455 1277 536 1361 quod
570 1298 643 1344 sane
676 1279 819 1362 intelligo
841 1299 903 1344 non
925 1280 971 1344 ita
993 1281 1029 1344 ut
1051 1280 1370 1366 Euclidcadogmata

270 1379 416 1444 accurata
452 1380 646 1445 conclusione
676 1381 852 1446 confirmari
885 1401 980 1464 posse.
1026 1382 1190 1448 Collaudat
1212 1383 1293 1448 enim
1316 1383 1370 1449 Se·

270 1498 344 1544 neca
388 1499 424 1544 ac
451 1482 613 1546 verborinn
647 1483 933 1564 sententiarumque
966 1482 1229 1566 splendidissimo
1256 1485 1369 1549 ornatu

271 1581 468 1644 commendat
490 1600 594 1645 omnes
616 1583 773 1648 denarum
796 1584 909 1648 natura
931 1582 1028 1666 deque
1049 1585 1191 1650 universo
1215 1585 1370 1667 quaestio·

269 1700 322 1746 nes
337 1700 518 1762 -quarum
538 1669 632 1764 paene
644 1683 782 1748 divinam
799 1683 876 1748 dicit
888 1703 951 1748 esse
970 1684 1194 1750 sublimitatem
1208 1708 1271 1760 -;
1295 1704 1370 1750 cau-

270 1801 379 1863 sasque
392 1782 523 1863 exponit,
545 1802 599 1846 cur
620 1803 705 1848 mens
727 1785 863 1848 hiunana
886 1785 928 1848 eis
949 1783 1126 1864 delectetur,
1149 1785 1280 1868 deniqne
1297 1785 1371 1869 qnid

269 1881 340 1946 inde
363 1882 442 1946 lucri
464 1884 588 1949 habeat.
645 1885 828 1950 Communia
850 1886 916 1963 illa,
940 1888 1051 1968 quibus
1074 1887 1136 1968 §.1
1159 1887 1370 1970 philosophiae

269 1983 372 2063 partes
408 1983 648 2061 duas‚alte1·am
677 1985 810 2064 divinae,
845 1988 976 2052 alteram
1003 1989 1165 2066 hnmanae,
1188 1988 1371 2062 constituit;

270 2103 349 2164 quac
371 2085 480 2150 deinde
513 2086 550 2150 de
581 2088 693 2151 horum
714 2088 887 2152 studiorum
910 2090 1103 2170 praestantia
1138 2091 1171 2154 in
1193 2091 1370 2155 universum

269 2183 356 2262 dicit,
380 2204 414 2248 ea
436 2185 599 2251 fatendum
636 2189 681 2252 est
703 2188 887 2270 praefationi
910 2190 949 2253 to
963 2190 1046 2254 tius
1068 2191 1167 2272 operis
1203 2192 1252 2254 vel
1274 2190 1370 2273 aptis·

270 2284 349 2349 sima
371 2304 451 2350 esse:
474 2287 500 2350 si
537 2287 612 2369 qnid
647 2288 780 2352 uoluerit
802 2288 944 2371 praefari,
977 2290 1040 2354 tale
1061 2290 1143 2354 haud
1165 2290 1256 2354 1111111
1278 2291 1371 2355 fuisse

269 2386 427 2450 exordium
457 2386 691 2453 instituendum.
746 2388 884 2454 Haasius
920 2391 1165 2472 Larischiusque‚
1199 2409 1269 2455 cum
1291 2391 1369 2456 libro

270 2485 368 2570 primo
392 2488 533 2568 quintam
556 2489 657 2553 sedem
682 2490 832 2567 dederint,
866 2490 899 2553 in
921 2490 1058 2556 medium
1080 2492 1296 2573 quaestionum
1318 2490 1371 2556 de·

268 2606 394 2651 cursum
416 2607 452 2652 11
475 2589 701 2672 relegaverunt.
725 2590 952 2655 Difficultatem
975 2591 1093 2656 nullam
1115 2591 1274 2656 viderunt:
1296 2611 1371 2656 nen-

269 2690 317 2752 ter
348 2687 512 2771 prologum
548 2688 638 2753 illurn
672 2689 789 2773 tetigit.
851 2690 910 2755 Sed
943 2711 1153 2773 comparemus
1181 2693 1370 2774 reliquorum

269 2789 475 2870 praefationes
488 2789 647 2853 librorum.
674 2789 759 2870 Quae
774 2791 867 2855 111110
883 2793 1050 2872 praemissa
1064 2795 1119 2871 est,
1142 2813 1177 2858 ea
1200 2813 1320 2876 quoque
1337 2812 1371 2857 11

270 2891 462 2972 philosophia
484 2890 590 2954 haurit
618 2892 789 2955 sententias
822 2893 996 2974 generalem
1017 2893 1069 2958 sed
1102 2913 1180 2976 quae
1201 2895 1310 2960 statim
1332 2895 1371 2960 ab

268 2992 365 3074 ipsius
387 2991 522 3055 auctoris
545 2991 633 3054 rebus
649 2991 805 3072 profectae
821 2991 1010 3056 nullomodo
1033 2992 1072 3056 ad
1095 2993 1257 3059 sublimem
1280 2995 1369 3058 illum

271 3091 429 3175 cogitandi
454 3091 542 3173 quasi
564 3091 697 3173 gradum
723 3093 899 3174 assurgant,
933 3094 1089 3174 praeterea
1120 3096 1225 3177 procul
1246 3094 1310 3159 sint
1332 3097 1371 3184 ab

269 3193 323 3257 illo
347 3192 540 3273 eloquentiae
561 3191 670 3256 ardore
693 3193 723 3255 01
746 3191 873 3273 impetu.
905 3192 1016 3273 Quarti
1037 3195 1188 3276 praefatio
1211 3194 1250 3259 ad
1271 3195 1371 3260 Lucili

269 3293 368 3358 vitam
391 3293 537 3374 vitaeque
561 3292 755 3357 condiciones
778 3293 907 3373 spectet.
954 3293 1044 3358 Sexto
1067 3295 1106 3358 ab
1127 3295 1194 3377 ipsa
1209 3295 1371 3377 Pompeio·

269 3412 339 3456 rum
361 3391 456 3469 11111,
480 3391 516 3456 11
541 3411 602 3474 qua
625 3391 764 3456 dicturus
787 3394 842 3469 111,
867 3393 1024 3457 exordium
1046 3393 1195 3457 institnit.
1240 3393 1370 3475 Septimi

270 3493 360 3557 initio
383 3509 461 3574 quae
493 3491 531 3556 de
553 3491 688 3556 siderum
715 3492 954 3574 caelestiumque
989 3494 1210 3558 miraculorum
1233 3495 1370 3558 contem·

270 3593 407 3677 platione
442 3592 589 3657 dicuntur
623 3593 661 3656 11
685 3593 803 3656 eertum
826 3593 917 3657 linem
940 3594 1089 3674 spectant,
1122 3593 1370 3676 quandoquidem

270 3694 307 3759 de
330 3695 457 3758 cometis
487 3712 557 3757 111111
578 3693 693 3758 librum
716 3692 885 3773 scriptume
908 3694 962 3756 est.
1018 3693 1146 3758 Diversa
1168 3695 1241 3758 sunt
1261 3694 1317 3759 illa
1338 3695 1371 3758 in

270 3795 397 3878 prologo
420 3794 505 3857 dicta
528 3793 566 3857 11
588 3793 730 3857 uniuerso
753 3793 784 3855 11
806 3791 843 3857 11
865 3792 968 3856 animo
990 3794 1126 3858 humano
1148 3795 1212 3858 eins
1235 3795 1373 3859 contem·

270 3896 389 3978 platore
411 3895 442 3958 11
464 3895 664 3960 admiratore.
721 3893 768 3956 Ac
800 3893 932 3958 maxime
952 3894 1008 3959 illa
1041 3915 1119 3978 quae
1154 3897 1187 3960 in
1215 3896 1276 3961 fine
1306 3897 1371 3962 eius

270 3996 393 4079 exponit
412 3994 534 4078 ‘quanti
558 3995 704 4060 aestimas
723 3993 784 4057 ista
808 4001 1078 4075 cognoscere?
1101 4048 1132 4061 ..
1157 4049 1163 4061 .
1188 4049 1194 4061 .
1217 3999 1292 4063 haec
1313 3999 1372 4062 in·

270 4097 425 4180 spicere
447 4097 522 4160 haec
544 4095 659 4160 discere
680 4094 729 4158 1111
748 4094 894 4158 incubare
909 4114 1009 4160 11011111
1031 4097 1204 4163 transsilire
1218 4099 1266 4163 est
1288 4117 1372 4163 mor·

268 4199 426 4264 talitatem
448 4196 570 4262 snam?
603 4195 790 4279 persuadent
819 4194 905 4273 milri,
929 4196 1006 4262 talia
1030 4199 1060 4264 11
1082 4197 1211 4264 dicenda
1233 4201 1265 4265 et
1286 4200 1371 4266 dicta

269 4300 371 4382 tuisse,
394 4303 609 4392 priusquam
628 4304 722 4373 istam
737 4303 867 4372 naturae
883 4302 1105 4391 inspectionem
1127 4321 1164 4372 ac
1186 4301 1367 4389 descriptio-
