3194 5030
744 401 784 464 43

219 585 349 650 mortem
372 584 507 651 auctoris
529 585 647 650 editum
669 603 733 649 esse
756 583 930 662 credamne,
967 585 1114 666 quomam
1140 587 1171 649 et
1196 586 1314 668 priores

219 686 432 769 undetriginta
462 687 539 752 satis
568 685 727 768 probabile
759 686 805 750 est
838 685 871 749 in
903 686 1059 766 publicum
1088 687 1214 751 emissas
1241 707 1314 767 esse,

219 786 387 868 separatim
409 807 427 852 a
449 788 567 852 ceteris.
1214 810 1217 816 ·

303 887 394 952 Anno
425 906 454 968 p.
479 887 511 953 G.
545 889 733 971 sexagesimo
763 888 895 953 seeundo
923 889 1070 953 Annaeus
1101 887 1216 953 Seneca
1245 907 1316 952 cum

218 987 350 1052 Neronis
369 987 489 1053 invidia
504 988 672 1070 perculsus,
695 988 804 1053 fractis
817 988 974 1070 potent-iae
987 1006 1062 1051 suae
1076 988 1193 1069 opibus,
1217 987 1315 1052 otium

220 1106 432 1169 secessumque
453 1088 604 1169 petiisset,
632 1088 672 1153 ad
694 1088 772 1152 alios
794 1089 882 1153 actus
904 1088 1043 1152 animum
1065 1088 1214 1153 referendi
1237 1089 1318 1170 cepit

220 1187 383 1254 consilium
405 1186 457 1269 (ef.
480 1189 510 1252 d.
534 1188 605 1254 Otia
628 1208 673 1270 cp.
698 1190 740 1268 2).
794 1190 905 1270 ltaque
927 1207 1006 1270 quae
1027 1189 1191 1271 praecipua
1212 1209 1248 1254 ae
1270 1189 1318 1253 di·

219 1286 387 1353 lectissima
409 1288 468 1353 sibi
490 1308 607 1370 semper
629 1289 759 1354 fuissent
781 1291 895 1368 studia,
917 1309 1022 1355 eorum
1045 1291 1164 1355 fructus
1183 1290 1215 1355 et
1229 1290 1318 1373 quasi

220 1406 350 1454 messem
375 1389 562 1454 uberrimam
579 1390 709 1455 duobus
731 1390 872 1472 operibus
894 1391 1023 1455 condere
1044 1390 1192 1470 instituit,
1215 1390 1318 1471 Quae·

220 1488 372 1554 stionibus
390 1489 596 1554 Naturalibus
617 1489 648 1554 et
670 1489 821 1572 Epistulis
842 1490 1023 1556 Moralibus.
1068 1491 1243 1573 Utrumque
1261 1511 1325 1584 per

220 1589 342 1654 eosdem
367 1608 464 1654 annos
490 1589 641 1672 agitauit3
673 1591 773 1672 priore
794 1592 900 1656 tamen
921 1591 1058 1673 tempore
1081 1590 1121 1672 (a.
1145 1593 1186 1656 62
1209 1594 1239 1657 et
1261 1593 1316 1674 63)
1358 1649 1366 1670 ,

220 1691 321 1774 magis
343 1690 383 1755 ad
402 1690 578 1768 Naturalia,
602 1691 769 1773 posteriore
791 1690 832 1773 (a.
856 1693 909 1774 64)
933 1693 973 1757 ad
988 1693 1120 1758 Moralia
1143 1694 1245 1774 potius
1268 1693 1317 1757 in·

220 1790 336 1856 cubuit.
393 1791 536 1855 Fortasse
562 1792 667 1856 autem
694 1793 838 1857 neutrum
865 1793 904 1858 ad
928 1812 1012 1870 errm,
1049 1811 1140 1874 quem
1162 1793 1315 1870 voluerat,

219 1891 311 1956 linem
334 1891 483 1973 perduxit.

728 2133 799 2216 lll.

304 2312 376 2377 Non
397 2331 520 2394 possum
543 2313 662 2392 berum,
686 2331 764 2395 quae
787 2314 959 2395 supersunt,
983 2310 1234 2394 disquisitionum
1256 2311 1317 2374 ini-

220 2413 300 2478 tium
323 2413 432 2492 facere,
461 2413 536 2494 quin
558 2413 585 2477 ei
607 2414 674 2478 viro
697 2433 816 2478 summe
837 2413 1012 2490 reverendo,
1041 2412 1094 2494 qui
1117 2412 1226 2475 horum
1250 2411 1317 2474 stu-

220 2513 342 2578 diorum
371 2512 448 2578 mihi
470 2513 501 2577 et
523 2515 631 2578 auctor
653 2515 770 2596 primus
792 2514 853 2577 fuit
875 2514 905 2577 et
927 2513 1051 2577 adiutor·
1071 2511 1316 2588 liberalissimus

220 2613 385 2678 Francisco
399 2613 576 2690 Buecheler,
599 2614 720 2696 publice
743 2613 995 2696 quoquegratias
1018 2632 1121 2695 agam.
1167 2611 1261 2676 Cuius
1283 2612 1319 2675 ut

221 2714 299 2780 alias
329 2714 496 2778 utilissima
527 2714 612 2779 fuero
647 2715 790 2792 consilia,
825 2715 870 2778 ita
903 2715 961 2779 hac
992 2715 1026 2778 in
1056 2733 1088 2777 re
1116 2711 1317 2777 manifestum

220 2815 379 2890 auxilium,
411 2815 493 2897 quod
521 2816 598 2880 mihi
631 2835 666 2882 ea
699 2816 850 2881 consessit
882 2835 919 2880 ao
948 2815 1166 2893 commodavit,
1201 2833 1317 2896 quaec

221 2915 324 2981 codice
339 2916 605 2999 Argentoratensi,
628 2916 806 2982 fidelissimo
828 2916 883 2979 illo
897 2916 969 2980 libri
984 2915 1222 2998 Bambergensis
1236 2915 1318 2979 socio

221 3036 257 3082 ao
271 3016 358 3094 teste,
375 3015 411 3080 de
426 3017 597 3098 scripturae
609 3017 823 3100 discrepantiis
837 3017 1068 3082 accuratissime
1079 3016 1172 3080 habet
1184 3015 1318 3080 enotata.

221 3115 359 3196 Quorum
390 3117 522 3198 pretium
555 3118 613 3182 hoc
640 3118 706 3199 ipso
733 3119 871 3200 tempore
898 3117 1030 3182 mraxime
1056 3116 1226 3181 adauctum
1255 3115 1316 3189 est3

221 3215 385 3297 postquam
407 3215 500 3280 codex
522 3216 586 3298 ipse
609 3219 764 3282 communi
787 3218 907 3300 patriae
931 3217 1016 3282 clade
1039 3215 1169 3281 interiit.

312 3315 445 3380 Veniam
467 3317 572 3380 autem
594 3335 704 3400 rogare
718 3317 820 3395 debeo,
844 3317 929 3399 quod
943 3318 1054 3382 barum
1069 3315 1319 3380 emendationum

223 3435 371 3500 magnam
407 3415 530 3498 partem
569 3416 635 3481 sine
674 3419 930 3501 argumentorum
965 3417 1183 3498 rationumque
1215 3414 1319 3496 amplo

214 3519 374 3601 'apparatu
400 3517 466 3582 edo.
510 3517 555 3581 At
582 3517 664 3582 enim
692 3519 792 3584 maior
813 3539 884 3601 pars
905 3520 939 3583 in
960 3517 1082 3583 scriniis
1104 3515 1319 3582 abscondenda

220 3619 339 3696 fuisset,
368 3618 394 3681 si
416 3619 563 3687 accurate
582 3618 793 3684 demonstrare
815 3619 955 3702 singulas
978 3618 1088 3682 vellem
1111 3617 1142 3681 et
1164 3635 1319 3682 commen-

221 3721 304 3786 dare.
348 3721 489 3785 Ceterum
517 3721 592 3786 satis
615 3723 758 3804 apertum
781 3723 848 3800 erit,
878 3722 990 3804 quibus
1012 3719 1185 3784 rationibus
1208 3717 1319 3782 ductus

131 3823 133 3828 '
221 3820 462 3903 unumquodque
485 3822 711 3886 commentatus
733 3823 801 3887 sim.

304 3921 360 4004 ap.
390 3924 440 3999 22,
470 3923 485 3985 l
519 3921 703 4005 simpliciter·
736 3923 961 3989 emendandum
992 3923 1038 3987 est
1067 3915 1231 4003 ‘quaedam
1258 3939 1319 3984 non

221 4024 280 4089 nisi
295 4024 461 4105 praesenti
481 4015 705 4089 monstrantur'
727 4025 766 4090 ci.
790 4025 809 4106 6
830 4027 862 4088 2;
894 4024 958 4090 tale
980 4022 1142 4088 eonsilium
1166 4040 1227 4086 non
1248 4022 1320 4086 tan-

220 4126 290 4189 tum
311 4124 491 4190 absentibus
515 4124 616 4190 datur.

304 4226 361 4308 Ep.
391 4227 441 4304 26,
470 4227 499 4289 3.
555 4225 655 4292 Verba
693 4227 926 4312 corruptissima
958 4228 1045 4305 sunt,
1084 4226 1182 4291 libera
1214 4226 1318 4290 tamen

220 4325 350 4397 lacunis.
387 4325 502 4398 Seneca
525 4325 648 4395 uidetur
669 4329 824 4416 scripisse:
856 4321 864 4348 ‘
890 4377 897 4397 .
923 4377 929 4396 .
954 4378 960 4396 .
983 4326 1148 4413 diligenter
1170 4325 1319 4406 excutere,
