3194 5030
741 411 781 474 47

216 598 407 665 occasionem
431 595 471 678 (a.
486 595 540 677 58)
559 614 629 660 eum
639 595 799 679 dialogum
821 594 939 660 retulit.
972 595 1315 679 Ionasinsquamquam

216 699 253 764 de
275 717 390 764 conexu
421 696 476 761 illo
498 715 560 761 non
592 695 725 774 dubitat,
758 695 864 760 tamen
899 696 953 760 illo
982 696 1048 778 ipso
1076 697 1214 778 tempore
1246 714 1316 760 eum

216 799 366 882 scriptum
388 817 453 863 esee
474 799 578 882 negat.
622 798 746 862 Etenim
768 798 794 861 is
816 797 864 862 vir
894 796 1091 862 doctissimus
1113 816 1148 862 ea
1180 794 1317 880 quaeda

219 899 325 965 Sereni
360 901 459 964 morte
481 899 550 964 Seu.
575 917 620 980 ep.
634 900 684 977 63,
710 898 748 962 14
783 897 860 963 dicit
890 897 975 962 ‘haec
997 897 1055 963 tibi
1088 897 1188 962 scribo
1215 896 1318 980 isqui

218 1001 381 1066 Annaeum
405 999 553 1064 Serenum
574 999 640 1064 tam
662 998 826 1063 immodice
846 997 926 1076 flevi,
950 999 985 1062 ut
998 998 1080 1062 inter
1101 998 1237 1080 exempla
1259 997 1317 1062 sim

219 1119 324 1166 eorum
346 1118 423 1184 quoe
445 1099 533 1164 dolor
554 1098 638 1163 virit’
662 1100 752 1164 acute
774 1099 934 1181 comparat
956 1117 1026 1164 cum
1043 1099 1125 1164 hisce
1146 1098 1180 1163 in
1201 1098 1318 1182 dialogi

218 1200 317 1264 nostri
351 1218 395 1282 cp.
409 1198 503 1264 XVII
533 1198 635 1263 uerbis
664 1197 789 1264 ‘damno
821 1198 954 1263 moveris
976 1198 1179 1265 et.laerimae
1211 1197 1319 1263 audIta

219 1301 359 1384 coniugis
391 1301 447 1366 aut
480 1301 572 1365 amici
600 1300 701 1365 morte
733 1299 888 1365 demittis?
937 1299 1029 1365 Hanc
1063 1300 1156 1365 amici
1188 1300 1318 1364 mortem
1438 1314 1441 1318 ’

220 1401 295 1467 adeo
329 1400 473 1467 defletam
504 1400 592 1464 illam
624 1419 688 1464 esse
708 1399 830 1464 Annaei
852 1399 967 1464 Sereni.
1010 1401 1111 1484 Atqui
1142 1419 1212 1464 eum
1239 1419 1319 1465 anno

221 1503 262 1565 62
284 1501 399 1566 librum
422 1500 460 1565 de
480 1499 544 1564 otio
566 1499 744 1564 dedicatum
766 1499 878 1564 Sereno
900 1517 964 1564 esse
986 1499 1128 1579 sciamus,
1162 1501 1243 1565 hune
1265 1516 1321 1565 no-

223 1602 323 1674 strum
346 1601 507 1685 dialogum
528 1601 635 1682 postea
656 1601 805 1683 scriptum
835 1618 908 1664 esee.
951 1599 1055 1664 Sumit
1084 1601 1208 1683 quidem
1229 1601 1323 1666 Iona·

221 1704 285 1767 eius
307 1721 422 1768 annum
444 1703 494 1766 63.

316 1803 404 1868 Haec
426 1821 483 1886 ego
503 1801 644 1867 existimo
673 1801 821 1867 audacius
854 1803 1028 1868 coniectata
1050 1822 1122 1868 esse.
1165 1803 1322 1886 Simplici-

221 1905 269 1970 ter
291 1905 408 1989 siquis
441 1904 497 1969 illa
529 1903 623 1968 verba
656 1903 768 1987 legerit
799 1921 854 1967 nec
876 1904 1042 1985 quaesierit
1073 1905 1137 1987 lpse
1156 1905 1322 1970 remotiora

223 2005 417 2088 secretaque:
439 2003 625 2087 generaliter
646 2022 690 2081 ea,
713 2001 822 2067 addita
843 2002 1023 2084 praesertim
1037 2003 1100 2068 illis
1119 2002 1323 2069 ‘auditaequ-

223 2103 305 2188 iugie
326 2103 444 2183 morte-²,
478 2103 518 2170 ad
539 2103 629 2169 illam
659 2102 770 2167 referet
792 2103 825 2166 in
846 2102 946 2167 fronte
975 2104 1040 2168 eius
1059 2123 1105 2186 cp.
1135 2105 1324 2187 propositam

222 2205 426 2271 sententiam:
445 2197 554 2289 ‘qnare
575 2221 647 2288 ergo
669 2206 705 2269 tu
721 2205 832 2268 fortius
853 2204 988 2286 loqueris
1009 2223 1103 2287 quam
1120 2206 1227 2272 vivis?
1251 2205 1324 2272 Cer·

223 2307 291 2370 tum
314 2307 340 2370 31
362 2306 436 2388 quid
460 2305 503 2370 113
525 2303 729 2388 significatur,
752 2322 807 2369 nce
829 2304 918 2386 hodie
939 2304 972 2369 id
996 2325 1159 2389 agnoscere
1181 2325 1323 2389 nonpos-

224 2426 339 2473 sumus.
381 2406 617 2490 Perlegentibue
638 2405 728 2470 illum
748 2404 889 2470 libellum
910 2406 992 2471 ultro
1014 2409 1156 2490 apertum
1184 2410 1239 2487 est,
1263 2428 1323 2473 non

225 2525 294 2572 eum
326 2506 467 2583 seribere,
500 2504 554 2587 qui
578 2523 693 2587 magna
721 2504 807 2570 clade
829 2505 964 2570 afflictus
996 2507 1095 2571 otium
1116 2508 1249 2590 petierit,
1271 2508 1323 2573 sed

225 2607 279 2688 qui
306 2605 410 2689 grette
441 2604 642 2687 potentiaque
676 2605 707 2670 et
739 2604 858 2669 divitiis
893 2606 997 2671 valens
1019 2607 1112 2688 atque
1144 2609 1325 2690 aequalibus

224 2705 404 2788 praeualens
426 2723 487 2769 non
510 2706 702 2787 argumentis
722 2707 847 2769 tantum
870 2706 1090 2772 obtrectatores
1107 2727 1177 2773 euos
1194 2709 1324 2788 reliciat,

225 2805 277 2870 sed
308 2825 342 2870 ex
375 2805 439 2871 alto
467 2806 531 2887 ipse
565 2823 689 2870 securus
720 2805 753 2868 in
783 2804 941 2870 inferiores
969 2807 1127 2889 despiciat.
1179 2808 1325 2893 Singulos

226 2907 328 2988 placet
362 2908 604 2971 commonstrare
636 2906 734 2970 locos:
768 2906 1018 2984 11113111
1044 2906 1141 2972 ‘vides
1174 2909 1250 2973 istos
1272 2908 1325 2991 qui
1445 2905 1446 2908 ’

226 3007 434 3089 eloquentiam
455 3006 595 3085 laudant,
621 3007 674 3088 qui
696 3027 769 3087 opes
790 3008 970 3088 sequuntur,
1004 3010 1128 3090 proiice
1147 3009 1325 3085 adulantur,

228 3108 281 3188 qui
301 3106 664 3188 potentiumertollunt²;
688 3107 787 3185 XXV,
811 3109 847 3183 33
867 3103 976 3194 ‘nouae
996 3109 1222 3191 gratulationes
1244 3111 1327 3191 prio·
1365 3107 1368 3112 ’

227 3208 312 3272 ribus
334 3207 543 3272 subtexantur‘
574 3207 642 3272 coll.
668 3207 740 3272 Tac.
771 3208 856 3286 XIV,
878 3211 928 3272 56.
971 3209 1060 3273 Α111
1087 3210 1201 3276 similia
1222 3210 1325 3286 XVII,

227 3308 321 3373 4111.
344 3309 462 3386 XVIII,
487 3310 506 3372 2
528 3307 581 3372 lin.
605 3308 691 3386 11111,
711 3311 741 3373 2.
785 3308 874 3389 Quod
895 3311 1042 3390 superest,
1078 3329 1222 3392 compara
1255 3312 1327 3374 hiric

228 3428 298 3473 eum
329 3428 420 3492 quem
455 3409 493 3474 de
528 3410 592 3473 otio
620 3409 762 3474 libellum
793 3410 917 3492 scripsit
948 3411 1018 3492 post
1054 3411 1144 3475 illum
1176 3430 1326 3475 secessum

228 3528 328 3574 surum.
371 3511 502 3575 Diversa
522 3509 685 3593 opprobria
707 3529 742 3574 eo
766 3510 881 3585 reiicit;
908 3511 1046 3578 diversus
1068 3512 1114 3576 est
1142 3513 1238 3594 ipsius
1260 3513 1328 3576 ani-

229 3628 312 3686 mus;
334 3609 465 3692 denique
485 3610 584 3675 omnis
604 3610 657 3675 ille
676 3609 819 3692 dialogus
833 3610 905 3675 huie
926 3610 989 3676 fere
1012 3613 1194 3678 contrarius.
1236 3613 1328 3677 Post

230 3728 345 3778 annum
369 3712 410 3776 62
433 3728 495 3775 non
516 3712 583 3776 erat
617 3711 699 3792 quod
721 3729 753 3774 31
774 3710 950 3776 defenderet
972 3714 1080 3777 contra
1113 3713 1196 3778 istud
1219 3731 1328 3795 oppro-

230 3809 330 3876 brium
352 3810 475 3876 ‘fortius
495 3804 629 3896 loqueris
650 3833 743 3896 quam
766 3814 863 3892 uiuis,
886 3814 933 3878 vel
953 3815 979 3878 si
995 3814 1133 3879 facturus
1157 3814 1245 3891 13311,
1266 3813 1329 3878 alia

228 3913 293 3978 iarn
312 3913 435 3994 poterat
454 3934 541 3980 arma
560 3914 695 3992 induere,
729 3932 784 3978 nee
814 3914 945 3980 debebat
972 3915 1118 3997 ambiguo
1145 3915 1205 3978 isto
1238 3913 1328 3977 medo

229 4013 311 4078 inter
330 4015 513 4095 sapientiam
536 4014 673 4080 Stoicam
704 4016 734 4079 et
764 4015 920 4097 potentiae
953 4033 1106 4096 opumque
1138 4013 1327 4096 splendorem

231 4133 268 4180 ae
289 4116 430 4199 speciem¹
443 4117 625 4200 transigere.
668 4115 754 4180 Haec
776 4115 874 4198 igitur
894 4115 1088 4197 suntquibus
1109 4115 1180 4179 huie
1205 4114 1329 4197 dialogo

230 4237 321 4283 suum
343 4221 464 4301 tempus
485 4218 643 4283 tribuatur
663 4217 787 4282 indicia.
832 4215 971 4298 Scriptus
994 4217 1040 4281 est
1061 4233 1131 4280 eum
1144 4214 1259 4280 Seneca
1270 4215 1330 4278 im·
1372 4216 1373 4220 ’

232 4319 381 4404 peratoris
403 4321 506 4402 gratia
530 4319 694 4384 etiamtum
718 4318 843 4395 ualeret,
866 4319 939 4382 ante
964 4335 1115 4381 secessum
1131 4315 1221 4381 illum
1243 4336 1271 4382 a.
1289 4317 1330 4380 62
